%% This BibTeX bibliography file was created using BibDesk.
%% http://bibdesk.sourceforge.net/


%% Created for Colin Bernet at 2017-02-08 18:47:59 +0100 


%% Saved with string encoding Unicode (UTF-8) 



@article{geant4,
	Author = {J. Allison and K. Amako and J. Apostolakis and H. Araujo and P. Arce Dubois and M. Asai and G. Barrand and R. Capra and S. Chauvie and R. Chytracek and G. A. P. Cirrone and G. Cooperman and G. Cosmo and G. Cuttone and G. G. Daquino and M. Donszelmann and M. Dressel and G. Folger and F. Foppiano and J. Generowicz and V. Grichine and S. Guatelli and P. Gumplinger and A. Heikkinen and I. Hrivnacova and A. Howard and S. Incerti and V. Ivanchenko and T. Johnson and F. Jones and T. Koi and R. Kokoulin and M. Kossov and H. Kurashige and V. Lara and S. Larsson and F. Lei and O. Link and F. Longo and M. Maire and A. Mantero and B. Mascialino and I. McLaren and P. Mendez Lorenzo and K. Minamimoto and K. Murakami and P. Nieminen and L. Pandola and S. Parlati and L. Peralta and J. Perl and A. Pfeiffer and M. G. Pia and A. Ribon and P. Rodrigues and G. Russo and S. Sadilov and G. Santin and T. Sasaki and D. Smith and N. Starkov and S. Tanaka and E. Tcherniaev and B. Tome and A. Trindade and P. Truscott and L. Urban and M. Verderi and A. Walkden and J. P. Wellisch and D. C. Williams and D. Wright and H. Yoshida},
	Date-Added = {2017-02-08 17:39:27 +0000},
	Date-Modified = {2017-02-08 17:47:52 +0000},
	Journal = {IEEE Trans. Nucl. Sci.},
	Number = {1},
	Pages = {270},
	Title = {{Geant4 developments and applications}},
	Volume = {53},
	Year = {2006}}

@article{ehcal_test_beam,
	Collaboration = {{CMS}},
	Date-Added = {2017-02-08 17:35:56 +0000},
	Date-Modified = {2017-02-08 17:38:18 +0000},
	Doi = {10.1140/epjc/s10052-009-0959-5},
	Journal = {{Eur. Phys. J.}},
	Pages = {359},
	Title = {{The CMS Barrel Calorimeter Response to Particle Beams from 2 to 350 GeV/c}},
	Volume = {C60},
	Year = {2009},
	Bdsk-Url-1 = {http://dx.doi.org/10.1140/epjc/s10052-009-0959-5}}

@article{Alioli:2010xd,
	Archiveprefix = {arXiv},
	Author = {Alioli, Simone and Nason, Paolo and Oleari, Carlo and Re, Emanuele},
	Date-Added = {2017-02-08 17:07:52 +0000},
	Date-Modified = {2017-02-08 17:07:52 +0000},
	Doi = {10.1007/JHEP06(2010)043},
	Eprint = {1002.2581},
	Journal = {JHEP},
	Pages = {043},
	Primaryclass = {hep-ph},
	Reportnumber = {DESY-10-018, SFB-CPP-10-22, IPPP-10-11, DCPT-10-22},
	Slaccitation = {%%CITATION = ARXIV:1002.2581;%%},
	Title = {{A general framework for implementing NLO calculations in shower Monte Carlo programs: the POWHEG BOX}},
	Volume = {06},
	Year = {2010},
	Bdsk-Url-1 = {http://dx.doi.org/10.1007/JHEP06(2010)043}}

@article{SM1,
	Author = {Weinberg, S.},
	Date-Added = {2017-02-08 17:07:52 +0000},
	Date-Modified = {2017-02-08 17:07:52 +0000},
	Doi = {10.1103/PhysRevLett.19.1264},
	Journal = {Phys. Rev. Lett.},
	Pages = {1264},
	Title = {{A Model of Leptons}},
	Volume = {19},
	Year = {1967},
	Bdsk-Url-1 = {http://dx.doi.org/10.1103/PhysRevLett.19.1264}}

@article{Nason:2004rx,
	Archiveprefix = {arXiv},
	Author = {Nason, Paolo},
	Date-Added = {2017-02-08 17:07:52 +0000},
	Date-Modified = {2017-02-08 17:07:52 +0000},
	Doi = {10.1088/1126-6708/2004/11/040},
	Eprint = {hep-ph/0409146},
	Journal = {JHEP},
	Pages = {040},
	Primaryclass = {hep-ph},
	Reportnumber = {BICOCCA-FT-04-11},
	Slaccitation = {%%CITATION = HEP-PH/0409146;%%},
	Title = {{A new method for combining NLO QCD with shower Monte Carlo algorithms}},
	Volume = {11},
	Year = {2004},
	Bdsk-Url-1 = {http://dx.doi.org/10.1088/1126-6708/2004/11/040}}

@techreport{CMS-PAS-SMP-12-008,
	Author = {{CMS Collaboration}},
	Collaboration = {CMS},
	Date-Added = {2017-02-08 17:07:52 +0000},
	Date-Modified = {2017-02-08 17:07:52 +0000},
	Number = {CMS-PAS-SMP-12-008},
	Title = {Absolute Calibration of the Luminosity Measurement at {CMS}: {W}inter 2012 Update},
	Type = {CMS Physics Analysis Summary},
	Url = {http://cdsweb.cern.ch/record/1434360},
	Year = {2012},
	Bdsk-Url-1 = {http://cdsweb.cern.ch/record/1434360}}

@inproceedings{hdecay2,
	Archiveprefix = {arXiv},
	Author = {Djouadi, A. and Kalinowski, J. and Muhlleitner, M. and Spira , M.},
	Booktitle = {{The Les Houches 2009 workshop on TeV colliders: The tools and Monte Carlo working group summary report}},
	Date-Added = {2017-02-08 17:07:52 +0000},
	Date-Modified = {2017-02-08 17:07:52 +0000},
	Eprint = {1003.1643},
	Primaryclass = {hep-ph},
	Title = {{An update of the program HDECAY}},
	Year = {2010}}

@article{Grazzini,
	Archiveprefix = {arXiv},
	Author = {Ferrera, G. and Grazzini, M. and Tramontano, F.},
	Date-Added = {2017-02-08 17:07:52 +0000},
	Date-Modified = {2017-02-08 17:07:52 +0000},
	Eprint = {1107.1164},
	Primaryclass = {hep-ph},
	Title = {{Associated WH production at hadron colliders: a fully exclusive QCD calculation at NNLO}},
	Year = {2011}}

@article{Higgs:1964pj,
	Author = {Higgs, P. W.},
	Date-Added = {2017-02-08 17:07:52 +0000},
	Date-Modified = {2017-02-08 17:07:52 +0000},
	Doi = {10.1103/PhysRevLett.13.508},
	Journal = {Phys. Rev. Lett.},
	Pages = {508},
	Title = {{Broken Symmetries and the Masses of Gauge Bosons}},
	Volume = {13},
	Year = {1964},
	Bdsk-Url-1 = {http://dx.doi.org/10.1103/PhysRevLett.13.508}}

@article{Higgs:1964ia,
	Author = {Higgs, P. W.},
	Date-Added = {2017-02-08 17:07:52 +0000},
	Date-Modified = {2017-02-08 17:07:52 +0000},
	Doi = {10.1016/0031-9163(64)91136-9},
	Journal = {Phys. Lett.},
	Pages = {132},
	Title = {{Broken symmetries, massless particles and gauge fields}},
	Volume = {12},
	Year = {1964},
	Bdsk-Url-1 = {http://dx.doi.org/10.1016/0031-9163(64)91136-9}}

@article{Englert:1964et,
	Author = {Englert, F. and Brout, R.},
	Date-Added = {2017-02-08 17:07:52 +0000},
	Date-Modified = {2017-02-08 17:07:52 +0000},
	Doi = {10.1103/PhysRevLett.13.321},
	Journal = {Phys. Rev. Lett.},
	Pages = {321},
	Title = {{Broken Symmetry and the Mass of Gauge Vector Mesons}},
	Volume = {13},
	Year = {1964},
	Bdsk-Url-1 = {http://dx.doi.org/10.1103/PhysRevLett.13.321}}

@techreport{CMS-PAS-LUM-13-001,
	Author = {{CMS Collaboration}},
	Collaboration = {CMS},
	Date-Added = {2017-02-08 17:07:52 +0000},
	Date-Modified = {2017-02-08 17:07:52 +0000},
	Number = {CMS-PAS-LUM-13-001},
	Title = {CMS Luminosity Based on Pixel Cluster Counting - Summer 2013 Update},
	Type = {CMS Physics Analysis Summary},
	Url = {http://cdsweb.cern.ch/record/1598864},
	Year = {2013},
	Bdsk-Url-1 = {http://cdsweb.cern.ch/record/1598864}}

@article{CMS-PAS-LUM-12-001,
	Collaboration = {{CMS}},
	Date-Added = {2017-02-08 17:07:52 +0000},
	Date-Modified = {2017-02-08 17:07:52 +0000},
	Journal = {CMS Physics Analysis Summary},
	Title = {{CMS} Luminosity Measurement Based on Pixel Cluster Counting: {S}ummer 2012 Update},
	Type = {CMS Physics Analysis Summary},
	Url = {http://cdsweb.cern.ch/record/1482193},
	Volume = {CMS-PAS-LUM-12-001},
	Year = {2012},
	Bdsk-Url-1 = {http://cdsweb.cern.ch/record/1482193}}

@article{Chatrchyan:2012tx,
	Archiveprefix = {arXiv},
	Author = {Chatrchyan, Serguei and others},
	Collaboration = {{CMS}},
	Date-Added = {2017-02-08 17:07:52 +0000},
	Date-Modified = {2017-02-08 17:07:52 +0000},
	Doi = {10.1016/j.physletb.2012.02.064},
	Eprint = {1202.1488},
	Journal = {Phys. Lett. B},
	Pages = {26},
	Primaryclass = {hep-ex},
	Reportnumber = {CMS-HIG-11-032, CERN-PH-EP-2012-023},
	Slaccitation = {%%CITATION = ARXIV:1202.1488;%%},
	Title = {{Combined results of searches for the standard model Higgs boson in pp collisions at $\sqrt{s}=7$ TeV}},
	Volume = {710},
	Year = {2012},
	Bdsk-Url-1 = {http://dx.doi.org/10.1016/j.physletb.2012.02.064}}

@techreport{CMS-PAS-PFT-10-003,
	Author = {{CMS Collaboration}},
	Collaboration = {CMS},
	Date-Added = {2017-02-08 17:07:52 +0000},
	Date-Modified = {2017-02-08 17:07:52 +0000},
	Number = {CMS-PAS-PFT-10-003},
	Title = {Commissioning of the particle-flow event reconstruction with leptons from {J}/$\Psi$ and {W} decays at 7 {TeV}},
	Type = {CMS Physics Analysis Summary},
	Url = {http://cdsweb.cern.ch/record/1279347},
	Year = {2010},
	Bdsk-Url-1 = {http://cdsweb.cern.ch/record/1279347}}

@techreport{CMS-PAS-PFT-10-002,
	Author = {{CMS Collaboration}},
	Collaboration = {CMS},
	Date-Added = {2017-02-08 17:07:52 +0000},
	Date-Modified = {2017-02-08 17:07:52 +0000},
	Number = {CMS-PAS-PFT-10-002},
	Title = {Commissioning of the Particle-Flow Reconstruction in Minimum-Bias and Jet Events from {\Pp\Pp} Collisions at 7 {TeV}},
	Type = {CMS Physics Analysis Summary},
	Url = {http://cdsweb.cern.ch/record/1279341},
	Year = {2010},
	Bdsk-Url-1 = {http://cdsweb.cern.ch/record/1279341}}

@article{Junk,
	Archiveprefix = {arXiv},
	Author = {Junk, Thomas},
	Date-Added = {2017-02-08 17:07:52 +0000},
	Date-Modified = {2017-02-08 17:07:52 +0000},
	Doi = {10.1016/S0168-9002(99)00498-2},
	Eprint = {hep-ex/9902006},
	Journal = {Nucl. Instrum. Meth. A},
	Pages = {435},
	Primaryclass = {hep-ex},
	Title = {Confidence level computation for combining searches with small statistics},
	Volume = {434},
	Year = {1999},
	Bdsk-Url-1 = {http://dx.doi.org/10.1016/S0168-9002(99)00498-2}}

@article{CMS-JME-10-011,
	Archiveprefix = {arXiv},
	Author = {Chatrchyan, Serguei and others},
	Collaboration = {CMS},
	Date-Added = {2017-02-08 17:07:52 +0000},
	Date-Modified = {2017-02-08 17:07:52 +0000},
	Doi = {10.1088/1748-0221/6/11/P11002},
	Eprint = {1107.4277},
	Journal = {JINST},
	Pages = {11002},
	Primaryclass = {physics.ins-det},
	Title = {Determination of jet energy calibration and transverse momentum resolution in {CMS}},
	Volume = {6},
	Year = {2011},
	Bdsk-Url-1 = {http://dx.doi.org/10.1088/1748-0221/6/11/P11002}}

@article{IEEE_DetAnnealing,
	Author = {K. Rose},
	Date-Added = {2017-02-08 17:07:52 +0000},
	Date-Modified = {2017-02-08 17:07:52 +0000},
	Doi = {10.1109/5.726788},
	Journal = {Proceedings of the IEEE},
	Pages = {2210},
	Title = {{Deterministic annealing for clustering, compression, classification, regression, and related optimization problems}},
	Volume = {86},
	Year = {1998},
	Bdsk-Url-1 = {http://dx.doi.org/10.1109/5.726788}}

@article{Cacciari:fastjet2,
	Archiveprefix = {arXiv},
	Author = {{M. Cacciari and G. P. Salam}},
	Date-Added = {2017-02-08 17:07:52 +0000},
	Date-Modified = {2017-02-08 17:07:52 +0000},
	Doi = {10.1016/j.physletb.2006.08.037},
	Eprint = {hep-ph/0512210},
	Journal = {Phys. Lett. B},
	Pages = {57},
	Primaryclass = {hep-ph},
	Reportnumber = {LPTHE-05-32},
	Slaccitation = {%%CITATION = HEP-PH/0512210;%%},
	Title = {{Dispelling the $N^{3}$ myth for the $k_t$ jet-finder}},
	Volume = {641},
	Year = {2006},
	Bdsk-Url-1 = {http://dx.doi.org/10.1016/j.physletb.2006.08.037}}

@techreport{CMS-PAS-EGM-10-004,
	Author = {{CMS Collaboration}},
	Collaboration = {CMS},
	Date-Added = {2017-02-08 17:07:52 +0000},
	Date-Modified = {2017-02-08 17:07:52 +0000},
	Number = {CMS-PAS-EGM-10-004},
	Title = {Electron Reconstruction and Identification at $\sqrt{s} = 7$ {TeV}},
	Type = {CMS Physics Analysis Summary},
	Url = {http://cdsweb.cern.ch/record/1299116},
	Year = {2010},
	Bdsk-Url-1 = {http://cdsweb.cern.ch/record/1299116}}

@article{Ciccolini:2007ec,
	Archiveprefix = {arXiv},
	Author = {Ciccolini, Mariano and Denner, Ansgar and Dittmaier, Stefan},
	Date-Added = {2017-02-08 17:07:52 +0000},
	Date-Modified = {2017-02-08 17:07:52 +0000},
	Doi = {10.1103/PhysRevD.77.013002},
	Eprint = {0710.4749},
	Journal = {Phys. Rev. D},
	Pages = {013002},
	Primaryclass = {hep-ph},
	Slaccitation = {%%CITATION = 0710.4749;%%},
	Title = {{Electroweak and QCD corrections to Higgs production via vector-boson fusion at the CERN LHC}},
	Volume = {77},
	Year = {2008},
	Bdsk-Url-1 = {http://dx.doi.org/10.1103/PhysRevD.77.013002}}

@article{Ciccolini:2003jy,
	Archiveprefix = {arXiv},
	Author = {Ciccolini, M. L. and Dittmaier, S. and {Kr\"amer}, M.},
	Date-Added = {2017-02-08 17:07:52 +0000},
	Date-Modified = {2017-02-08 17:07:52 +0000},
	Doi = {10.1103/PhysRevD.68.073003},
	Eprint = {hep-ph/0306234},
	Journal = {Phys. Rev. D},
	Pages = {073003},
	Slaccitation = {%%CITATION = HEP-PH/0306234;%%},
	Title = {{Electroweak radiative corrections to associated $\PW\PH$ and $\PZ\PH$ production at hadron colliders}},
	Volume = {68},
	Year = {2003},
	Bdsk-Url-1 = {http://dx.doi.org/10.1103/PhysRevD.68.073003}}

@article{Aad:2013xqa,
	Archiveprefix = {arXiv},
	Author = {Aad, Georges and others},
	Collaboration = {ATLAS},
	Date-Added = {2017-02-08 17:07:52 +0000},
	Date-Modified = {2017-02-08 17:07:52 +0000},
	Doi = {10.1016/j.physletb.2013.08.026},
	Eprint = {1307.1432},
	Journal = {Phys. Lett. B},
	Pages = {120},
	Primaryclass = {hep-ex},
	Reportnumber = {CERN-PH-EP-2013-102},
	Slaccitation = {%%CITATION = ARXIV:1307.1432;%%},
	Title = {{Evidence for the spin-0 nature of the Higgs boson using ATLAS data}},
	Volume = {726},
	Year = {2013},
	Bdsk-Url-1 = {http://dx.doi.org/10.1016/j.physletb.2013.08.026}}

@article{Cacciari:fastjet1,
	Archiveprefix = {arXiv},
	Author = {Cacciari, Matteo and Salam, Gavin P. and Soyez, Gregory},
	Date-Added = {2017-02-08 17:07:52 +0000},
	Date-Modified = {2017-02-08 17:07:52 +0000},
	Doi = {10.1140/epjc/s10052-012-1896-2},
	Eprint = {1111.6097},
	Journal = {Eur. Phys. J. C},
	Pages = {1896},
	Primaryclass = {hep-ph},
	Reportnumber = {CERN-PH-TH-2011-297},
	Slaccitation = {%%CITATION = ARXIV:1111.6097;%%},
	Title = {{FastJet user manual}},
	Volume = {72},
	Year = {2012},
	Bdsk-Url-1 = {http://dx.doi.org/10.1140/epjc/s10052-012-1896-2}}

@article{Abdallah:2003ip,
	Archiveprefix = {arXiv},
	Author = {Abdallah, J. and others},
	Collaboration = {DELPHI},
	Date-Added = {2017-02-08 17:07:52 +0000},
	Date-Modified = {2017-02-08 17:07:52 +0000},
	Doi = {10.1140/epjc/s2003-01394-x},
	Eprint = {hep-ex/0303013},
	Journal = {Eur. Phys. J. C},
	Pages = {145},
	Primaryclass = {hep-ex},
	Reportnumber = {CERN-EP-2003-008},
	Slaccitation = {%%CITATION = HEP-EX/0303013;%%},
	Title = {{Final results from DELPHI on the searches for SM and MSSM neutral Higgs bosons}},
	Volume = {32},
	Year = {2004},
	Bdsk-Url-1 = {http://dx.doi.org/10.1140/epjc/s2003-01394-x}}

@article{FeHiPro1,
	Author = {Anastasiou, C. and Melnikov, K. and Petriello, F.},
	Date-Added = {2017-02-08 17:07:52 +0000},
	Date-Modified = {2017-02-08 17:07:52 +0000},
	Doi = {10.1016/j.nuclphysb.2005.06.036},
	Journal = {Nucl. Phys. B},
	Pages = {197},
	Title = {Fully differential {H}iggs boson production and the di-photon signal through next-to-next-to-leading order},
	Volume = {724},
	Year = {2005},
	Bdsk-Url-1 = {http://dx.doi.org/10.1016/j.nuclphysb.2005.06.036}}

@article{Agostinelli:2002hh,
	Author = {S. Agostinelli and others},
	Collaboration = {GEANT4},
	Date-Added = {2017-02-08 17:07:52 +0000},
	Date-Modified = {2017-02-08 17:07:52 +0000},
	Doi = {10.1016/S0168-9002(03)01368-8},
	Journal = {Nucl. Instrum. Meth. A},
	Pages = {250},
	Title = {{GEANT4} --- a simulation toolkit},
	Volume = {506},
	Year = {2003},
	Bdsk-Url-1 = {http://dx.doi.org/10.1016/S0168-9002(03)01368-8}}

@article{Guralnik:1964eu,
	Author = {Guralnik, G. S. and Hagen, C. R. and Kibble, T. W. B.},
	Date-Added = {2017-02-08 17:07:52 +0000},
	Date-Modified = {2017-02-08 17:07:52 +0000},
	Doi = {10.1103/PhysRevLett.13.585},
	Journal = {Phys. Rev. Lett.},
	Pages = {585},
	Title = {{Global Conservation Laws and Massless Particles}},
	Volume = {13},
	Year = {1964},
	Bdsk-Url-1 = {http://dx.doi.org/10.1103/PhysRevLett.13.585}}

@techreport{LHCHiggsCrossSectionWorkingGroup:2011ti,
	Archiveprefix = {arXiv},
	Author = {{LHC Higgs Cross Section Working Group}},
	Date-Added = {2017-02-08 17:07:52 +0000},
	Date-Modified = {2017-02-08 17:07:52 +0000},
	Doi = {10.5170/CERN-2011-002},
	Eprint = {1101.0593},
	Number = {CERN-2011-002},
	Primaryclass = {hep-ph},
	Reportnumber = {CERN-2011-002},
	Slaccitation = {%%CITATION = ARXIV:1101.0593;%%},
	Title = {{Handbook of LHC Higgs cross sections: 1. Inclusive observables}},
	Type = {CERN Report},
	Year = {2011},
	Bdsk-Url-1 = {http://dx.doi.org/10.5170/CERN-2011-002}}

@techreport{Dittmaier:2012vm,
	Archiveprefix = {arXiv},
	Author = {{LHC Higgs Cross Section Working Group}},
	Date-Added = {2017-02-08 17:07:52 +0000},
	Date-Modified = {2017-02-08 17:07:52 +0000},
	Doi = {10.5170/CERN-2012-002},
	Eprint = {1201.3084},
	Number = {CERN-2012-002},
	Primaryclass = {hep-ph},
	Slaccitation = {%%CITATION = ARXIV:1201.3084;%%},
	Title = {{Handbook of LHC Higgs cross sections: 2. Differential Distributions}},
	Type = {CERN Report},
	Year = {2012},
	Bdsk-Url-1 = {http://dx.doi.org/10.5170/CERN-2012-002}}

@techreport{Heinemeyer:2013tqa,
	Archiveprefix = {arXiv},
	Author = {{LHC Higgs Cross Section Working Group}},
	Date-Added = {2017-02-08 17:07:52 +0000},
	Date-Modified = {2017-02-08 17:07:52 +0000},
	Doi = {10.5170/CERN-2013-004},
	Eprint = {1307.1347},
	Number = {CERN-2013-004},
	Primaryclass = {hep-ph},
	Slaccitation = {%%CITATION = ARXIV:1307.1347;%%},
	Title = {{Handbook of LHC Higgs cross sections: 3. Higgs Properties}},
	Type = {CERN Report},
	Year = {2013},
	Bdsk-Url-1 = {http://dx.doi.org/10.5170/CERN-2013-004}}

@article{Grazzini:2013mca,
	Archiveprefix = {arXiv},
	Author = {Grazzini, Massimiliano and Sargsyan, Hayk},
	Date-Added = {2017-02-08 17:07:52 +0000},
	Date-Modified = {2017-02-08 17:07:52 +0000},
	Doi = {10.1007/JHEP09(2013)129},
	Eprint = {1306.4581},
	Journal = {JHEP},
	Pages = {129},
	Primaryclass = {hep-ph},
	Reportnumber = {ZU-TH-10-13},
	Slaccitation = {%%CITATION = ARXIV:1306.4581;%%},
	Title = {{Heavy-quark mass effects in Higgs boson production at the LHC}},
	Volume = {1309},
	Year = {2013},
	Bdsk-Url-1 = {http://dx.doi.org/10.1007/JHEP09(2013)129}}

@article{Bahr:2008pv,
	Archiveprefix = {arXiv},
	Author = {Bahr, M. and Gieseke, S. and Gigg, M.A. and Grellscheid, D. and Hamilton, K. and others},
	Date-Added = {2017-02-08 17:07:52 +0000},
	Date-Modified = {2017-02-08 17:07:52 +0000},
	Doi = {10.1140/epjc/s10052-008-0798-9},
	Eprint = {0803.0883},
	Journal = {Eur.Phys.J.},
	Pages = {639-707},
	Primaryclass = {hep-ph},
	Reportnumber = {CERN-PH-TH-2008-038, CAVENDISH-HEP-08-03, KA-TP-05-2008, DCPT-08-22, IPPP-08-11, CP3-08-05},
	Slaccitation = {%%CITATION = ARXIV:0803.0883;%%},
	Title = {{Herwig++ Physics and Manual}},
	Volume = {C58},
	Year = {2008},
	Bdsk-Url-1 = {http://dx.doi.org/10.1140/epjc/s10052-008-0798-9}}

@article{Anastasiou:2002yz,
	Archiveprefix = {arXiv},
	Author = {Anastasiou, Charalampos and Melnikov, Kirill},
	Date-Added = {2017-02-08 17:07:52 +0000},
	Date-Modified = {2017-02-08 17:07:52 +0000},
	Doi = {10.1016/S0550-3213(02)00837-4},
	Eprint = {hep-ph/0207004},
	Journal = {Nucl. Phys. B},
	Pages = {220},
	Slaccitation = {%%CITATION = HEP-PH/0207004;%%},
	Title = {{Higgs boson production at hadron colliders in NNLO QCD}},
	Volume = {646},
	Year = {2002},
	Bdsk-Url-1 = {http://dx.doi.org/10.1016/S0550-3213(02)00837-4}}

@article{Spira:1995rr,
	Archiveprefix = {arXiv},
	Author = {Spira, M. and Djouadi, A. and Graudenz, D. and Zerwas, P. M.},
	Date-Added = {2017-02-08 17:07:52 +0000},
	Date-Modified = {2017-02-08 17:07:52 +0000},
	Doi = {10.1016/0550-3213(95)00379-7},
	Eprint = {hep-ph/9504378},
	Journal = {Nucl. Phys. B},
	Pages = {17},
	Slaccitation = {%%CITATION = HEP-PH/9504378;%%},
	Title = {{Higgs boson production at the LHC}},
	Volume = {453},
	Year = {1995},
	Bdsk-Url-1 = {http://dx.doi.org/10.1016/0550-3213(95)00379-7}}

@unpublished{hres,
	Archiveprefix = {arXiv},
	Author = {de Florian, D. and others},
	Date-Added = {2017-02-08 17:07:52 +0000},
	Date-Modified = {2017-02-08 17:07:52 +0000},
	Eprint = {1203.6321},
	Title = {Higgs boson production at the LHC: transverse momentum resummation effects in the $\PH \to \gamma\gamma$, $\PH \to \PW\PW \to \ell\nu \ell\nu$ and $\PH\to \PZ\PZ\to 4\ell$ decay modes}}

@article{deFlorian:2012mx,
	Archiveprefix = {arXiv},
	Author = {de Florian, D. and Ferrera, G. and Grazzini, M. and Tommasini, D.},
	Date-Added = {2017-02-08 17:07:52 +0000},
	Date-Modified = {2017-02-08 17:07:52 +0000},
	Doi = {10.1007/JHEP06(2012)132},
	Eprint = {1203.6321},
	Journal = {JHEP},
	Pages = {132},
	Primaryclass = {hep-ph},
	Reportnumber = {ZU-TH-04-12, IFUM-993-FT},
	Slaccitation = {%%CITATION = ARXIV:1203.6321;%%},
	Title = {{Higgs boson production at the LHC: transverse momentum resummation effects in the $\PH \to \gamma\gamma$, $\PH \to \PW\PW \to \ell\nu\ell\nu$ and $\PH \to \PZ\PZ\to 4\ell$ decay modes}},
	Volume = {06},
	Year = {2012},
	Bdsk-Url-1 = {http://dx.doi.org/10.1007/JHEP06(2012)132}}

@article{massRecoCollinearApprox,
	Author = {Ellis, R. K. and Hinchliffe, I. and Soldate, M. and J. J. van der Bij},
	Date-Added = {2017-02-08 17:07:52 +0000},
	Date-Modified = {2017-02-08 17:07:52 +0000},
	Doi = {10.1016/0550-3213(88)90019-3},
	Journal = {Nucl. Phys. B},
	Pages = {221},
	Title = {Higgs decay to $\tau^{+} \tau^{-}$: A possible signature of intermediate mass Higgs bosons at high energy hadron colliders},
	Volume = {297},
	Year = {1988},
	Bdsk-Url-1 = {http://dx.doi.org/10.1016/0550-3213(88)90019-3}}

@article{Baglio:2010ae,
	Archiveprefix = {arXiv},
	Author = {Baglio, J. and Djouadi, A.},
	Date-Added = {2017-02-08 17:07:52 +0000},
	Date-Modified = {2017-02-08 17:07:52 +0000},
	Doi = {10.1007/JHEP03(2011)055},
	Eprint = {1012.0530},
	Journal = {JHEP},
	Pages = {055},
	Primaryclass = {hep-ph},
	Slaccitation = {%%CITATION = 1012.0530;%%},
	Title = {{Higgs production at the LHC}},
	Volume = {03},
	Year = {2011},
	Bdsk-Url-1 = {http://dx.doi.org/10.1007/JHEP03(2011)055}}

@article{deFlorian:2009hc,
	Archiveprefix = {arXiv},
	Author = {de Florian, Daniel and Grazzini, Massimiliano},
	Date-Added = {2017-02-08 17:07:52 +0000},
	Date-Modified = {2017-02-08 17:07:52 +0000},
	Doi = {10.1016/j.physletb.2009.03.033},
	Eprint = {0901.2427},
	Journal = {Phys. Lett. B},
	Pages = {291},
	Primaryclass = {hep-ph},
	Slaccitation = {%%CITATION = 0901.2427;%%},
	Title = {{Higgs production through gluon fusion: Updated cross sections at the Tevatron and the LHC}},
	Volume = {674},
	Year = {2009},
	Bdsk-Url-1 = {http://dx.doi.org/10.1016/j.physletb.2009.03.033}}

@article{FeHiPro2,
	Author = {Anastasiou, C. and Bucherer, S. and Kunszt, Z.},
	Date-Added = {2017-02-08 17:07:52 +0000},
	Date-Modified = {2017-02-08 17:07:52 +0000},
	Doi = {10.1088/1126-6708/2009/10/068},
	Journal = {JHEP},
	Pages = {068},
	Title = {{HPro}: A {NLO} {Monte-Carlo} for {H}iggs production via gluon fusion with finite heavy quark masses},
	Volume = {10},
	Year = {2009},
	Bdsk-Url-1 = {http://dx.doi.org/10.1088/1126-6708/2009/10/068}}

@article{CMS-PAS-BTV-12-001,
	Collaboration = {CMS},
	Date-Added = {2017-02-08 17:07:52 +0000},
	Date-Modified = {2017-02-08 17:07:52 +0000},
	Journal = {CMS Physics Analysis Summary},
	Title = {Identification of b-quark jets with the CMS experiment},
	Volume = {CMS-PAS-BTV-12-001},
	Year = {2012}}

@article{Chatrchyan:2012jua,
	Archiveprefix = {arXiv},
	Author = {Chatrchyan, Serguei and others},
	Collaboration = {CMS},
	Date-Added = {2017-02-08 17:07:52 +0000},
	Date-Modified = {2017-02-08 17:07:52 +0000},
	Doi = {10.1088/1748-0221/8/04/P04013},
	Eprint = {1211.4462},
	Journal = {JINST},
	Pages = {P04013},
	Primaryclass = {hep-ex},
	Reportnumber = {CMS-BTV-12-001, CERN-PH-EP-2012-262},
	Slaccitation = {%%CITATION = ARXIV:1211.4462;%%},
	Title = {{Identification of b-quark jets with the CMS experiment}},
	Volume = {8},
	Year = {2013},
	Bdsk-Url-1 = {http://dx.doi.org/10.1088/1748-0221/8/04/P04013}}

@article{Ball:2011mu,
	Archiveprefix = {arXiv},
	Author = {Ball, Richard D. and others},
	Collaboration = {NNPDF},
	Date-Added = {2017-02-08 17:07:52 +0000},
	Date-Modified = {2017-02-08 17:07:52 +0000},
	Doi = {10.1016/j.nuclphysb.2011.03.021},
	Eprint = {1101.1300},
	Journal = {Nucl. Phys. B},
	Pages = {296},
	Primaryclass = {hep-ph},
	Title = {Impact of heavy quark masses on parton distributions and {LHC} phenomenology},
	Volume = {849},
	Year = {2011},
	Bdsk-Url-1 = {http://dx.doi.org/10.1016/j.nuclphysb.2011.03.021}}

@inproceedings{Conway-PhyStat,
	Author = {Conway, J. S.},
	Booktitle = {Proceedings of {PHYSTAT} 2011 Workshop on Statistical Issues Related to Discovery Claims in Search Experiments and Unfolding},
	Date-Added = {2017-02-08 17:07:52 +0000},
	Date-Modified = {2017-02-08 17:07:52 +0000},
	Pages = {115},
	Publisher = {CERN-2011-006},
	Title = {Incorporating Nuisance Parameters in Likelihoods for Multisource Spectra},
	Url = {http://cdsweb.cern.ch/record/1306523},
	Year = {2011},
	Bdsk-Url-1 = {http://cdsweb.cern.ch/record/1306523}}

@article{Alioli:2010xa,
	Archiveprefix = {arXiv},
	Author = {Alioli, Simone and Hamilton, Keith and Nason, Paolo and Oleari, Carlo and Re, Emanuele},
	Date-Added = {2017-02-08 17:07:52 +0000},
	Date-Modified = {2017-02-08 17:07:52 +0000},
	Doi = {10.1007/JHEP04(2011)081},
	Eprint = {1012.3380},
	Journal = {JHEP},
	Pages = {081},
	Primaryclass = {hep-ph},
	Reportnumber = {DESY-10-233, SFB-CPP-10-128, IPPP-10-100, DCPT-10-200, MCNET-10-23},
	Slaccitation = {%%CITATION = ARXIV:1012.3380;%%},
	Title = {{Jet pair production in POWHEG}},
	Volume = {04},
	Year = {2011},
	Bdsk-Url-1 = {http://dx.doi.org/10.1007/JHEP04(2011)081}}

@article{Alwall:2011uj,
	Archiveprefix = {arXiv},
	Author = {Alwall, Johan and Herquet, Michel and Maltoni, Fabio and Mattelaer, Olivier and Stelzer, Tim},
	Date-Added = {2017-02-08 17:07:52 +0000},
	Date-Modified = {2017-02-08 17:07:52 +0000},
	Doi = {10.1007/JHEP06(2011)128},
	Eprint = {1106.0522},
	Journal = {JHEP},
	Pages = {128},
	Primaryclass = {hep-ph},
	Reportnumber = {FERMILAB-PUB-11-448-T},
	Slaccitation = {%%CITATION = ARXIV:1106.0522;%%},
	Title = {{MadGraph 5: going beyond}},
	Volume = {06},
	Year = {2011},
	Bdsk-Url-1 = {http://dx.doi.org/10.1007/JHEP06(2011)128}}

@article{Alwall:2007st,
	Archiveprefix = {arXiv},
	Author = {Alwall, Johan and Demin, Pavel and de Visscher, Simon and Frederix, Rikkert and Herquet, Michel and others},
	Date-Added = {2017-02-08 17:07:52 +0000},
	Date-Modified = {2017-02-08 17:07:52 +0000},
	Doi = {10.1088/1126-6708/2007/09/028},
	Eprint = {0706.2334},
	Journal = {JHEP},
	Pages = {028},
	Primaryclass = {hep-ph},
	Slaccitation = {%%CITATION = 0706.2334;%%},
	Title = {{MadGraph/MadEvent v4: the new web generation}},
	Volume = {09},
	Year = {2007},
	Bdsk-Url-1 = {http://dx.doi.org/10.1088/1126-6708/2007/09/028}}

@article{Frixione:2002ik,
	Archiveprefix = {arXiv},
	Author = {Frixione, Stefano and Webber, Bryan R.},
	Date-Added = {2017-02-08 17:07:52 +0000},
	Date-Modified = {2017-02-08 17:07:52 +0000},
	Doi = {10.1088/1126-6708/2002/06/029},
	Eprint = {hep-ph/0204244},
	Journal = {JHEP},
	Pages = {029},
	Primaryclass = {hep-ph},
	Reportnumber = {CAVENDISH-HEP-02-01, LAPTH-905-02, GEF-TH-2-2002},
	Slaccitation = {%%CITATION = HEP-PH/0204244;%%},
	Title = {{Matching NLO QCD computations and parton shower simulations}},
	Volume = {06},
	Year = {2002},
	Bdsk-Url-1 = {http://dx.doi.org/10.1088/1126-6708/2002/06/029}}

@article{Frixione:2007vw,
	Archiveprefix = {arXiv},
	Author = {Frixione, Stefano and Nason, Paolo and Oleari, Carlo},
	Date-Added = {2017-02-08 17:07:52 +0000},
	Date-Modified = {2017-02-08 17:07:52 +0000},
	Doi = {10.1088/1126-6708/2007/11/070},
	Eprint = {0709.2092},
	Journal = {JHEP},
	Pages = {070},
	Primaryclass = {hep-ph},
	Reportnumber = {BICOCCA-FT-07-9, GEF-TH-21-2007},
	Slaccitation = {%%CITATION = ARXIV:0709.2092;%%},
	Title = {{Matching NLO QCD computations with parton shower simulations: the POWHEG method}},
	Volume = {11},
	Year = {2007},
	Bdsk-Url-1 = {http://dx.doi.org/10.1088/1126-6708/2007/11/070}}

@article{Chatrchyan:2013qca,
	Archiveprefix = {arXiv},
	Author = {Chatrchyan, Serguei and others},
	Collaboration = {CMS},
	Date-Added = {2017-02-08 17:07:52 +0000},
	Date-Modified = {2017-02-08 17:07:52 +0000},
	Doi = {10.1103/PhysRevLett.110.172002},
	Eprint = {1303.3239},
	Journal = {Phys. Rev. Lett.},
	Pages = {172002},
	Primaryclass = {hep-ex},
	Reportnumber = {CMS-TOP-12-014, CERN-PH-EP-2013-033},
	Slaccitation = {%%CITATION = ARXIV:1303.3239;%%},
	Title = {{Measurement of associated production of vector bosons and top quark-antiquark pairs in pp collisions at $\sqrt{s}$ = 7 TeV}},
	Volume = {110},
	Year = {2013},
	Bdsk-Url-1 = {http://dx.doi.org/10.1103/PhysRevLett.110.172002}}

@article{CMS-EWK-TAU,
	Author = {Chatrchyan, S. and others},
	Collaboration = {CMS},
	Date-Added = {2017-02-08 17:07:52 +0000},
	Date-Modified = {2017-02-08 17:07:52 +0000},
	Doi = {10.1007/JHEP08(2011)117},
	Eprint = {1104.1617},
	Journal = {JHEP},
	Pages = {117},
	Title = {Measurement of the inclusive {Z} cross section via decays to tau pairs in pp collisions at $\sqrt{s}$ = 7 {TeV}},
	Volume = {08},
	Year = {2011},
	Bdsk-Url-1 = {http://dx.doi.org/10.1007/JHEP08(2011)117}}

@unpublished{HiggsToZZ:2013,
	Collaboration = {CMS},
	Date-Added = {2017-02-08 17:07:52 +0000},
	Date-Modified = {2017-02-08 17:07:52 +0000},
	Note = {To be published},
	Title = {Measurement of the production and decay of a Higgs boson in the four-lepton final state},
	Year = {2013}}

@article{Chatrchyan:2013oev,
	Archiveprefix = {arXiv},
	Author = {Chatrchyan, Serguei and others},
	Collaboration = {CMS},
	Date-Added = {2017-02-08 17:07:52 +0000},
	Date-Modified = {2017-02-08 17:07:52 +0000},
	Doi = {10.1016/j.physletb.2013.03.027},
	Eprint = {1301.4698},
	Journal = {Phys. Lett. B},
	Pages = {190},
	Primaryclass = {hep-ex},
	Reportnumber = {CMS-SMP-12-024, CERN-PH-EP-2012-376},
	Slaccitation = {%%CITATION = ARXIV:1301.4698;%%},
	Title = {{Measurement of the $\PWp\PWm$ and $\cPZ\cPZ$ production cross sections in pp collisions at $\sqrt{s}$ = 8 TeV}},
	Volume = {721},
	Year = {2013},
	Bdsk-Url-1 = {http://dx.doi.org/10.1016/j.physletb.2013.03.027}}

@article{Chatrchyan:2012ep,
	Archiveprefix = {arXiv},
	Author = {Chatrchyan, Serguei and others},
	Collaboration = {CMS},
	Date-Added = {2017-02-08 17:07:52 +0000},
	Date-Modified = {2017-02-08 17:07:52 +0000},
	Doi = {10.1007/JHEP12(2012)035},
	Eprint = {1209.4533},
	Journal = {JHEP},
	Pages = {035},
	Primaryclass = {hep-ex},
	Reportnumber = {CMS-TOP-11-021, CERN-PH-EP-2012-274},
	Slaccitation = {%%CITATION = ARXIV:1209.4533;%%},
	Title = {{Measurement of the single-top-quark $t$-channel cross section in pp collisions at $\sqrt{s}=7$ TeV}},
	Volume = {12},
	Year = {2012},
	Bdsk-Url-1 = {http://dx.doi.org/10.1007/JHEP12(2012)035}}

@article{Chatrchyan:2011id,
	Archiveprefix = {arXiv},
	Author = {Chatrchyan, Serguei and others},
	Collaboration = {{CMS}},
	Date-Added = {2017-02-08 17:07:52 +0000},
	Date-Modified = {2017-02-08 17:07:52 +0000},
	Doi = {10.1007/JHEP09(2011)109},
	Eprint = {1107.0330},
	Journal = {JHEP},
	Pages = {109},
	Primaryclass = {hep-ex},
	Reportnumber = {CMS-QCD-10-010, CERN-PH-EP-2011-059},
	Slaccitation = {%%CITATION = ARXIV:1107.0330;%%},
	Title = {{Measurement of the underlying event activity at the LHC with $\sqrt{s}= 7$ TeV and comparison with $\sqrt{s} = 0.9$ TeV}},
	Volume = {09},
	Year = {2011},
	Bdsk-Url-1 = {http://dx.doi.org/10.1007/JHEP09(2011)109}}

@article{CMS-EWK-WZ,
	Archiveprefix = {arXiv},
	Author = {Khachatryan, V. and others},
	Collaboration = {CMS},
	Date-Added = {2017-02-08 17:07:52 +0000},
	Date-Modified = {2017-02-08 17:07:52 +0000},
	Doi = {10.1007/JHEP01(2011)080},
	Eprint = {1012.2466},
	Journal = {JHEP},
	Pages = {132},
	Primaryclass = {hep-ex},
	Title = {Measurements of inclusive {$\PW$} and {$\PZ$} cross sections in pp collisions at $\sqrt{s}$ = 7 {TeV}},
	Volume = {01},
	Year = {2011},
	Bdsk-Url-1 = {http://dx.doi.org/10.1007/JHEP01(2011)080}}

@article{Hamilton:2012np,
	Archiveprefix = {arXiv},
	Author = {Hamilton, Keith and Nason, Paolo and Zanderighi, Giulia},
	Date-Added = {2017-02-08 17:07:52 +0000},
	Date-Modified = {2017-02-08 17:07:52 +0000},
	Doi = {10.1007/JHEP10(2012)155},
	Eprint = {1206.3572},
	Journal = {JHEP},
	Pages = {155},
	Primaryclass = {hep-ph},
	Reportnumber = {CERN-PH-TH-2012-166, OUTP-12-11P, MCNET-12-07},
	Slaccitation = {%%CITATION = ARXIV:1206.3572;%%},
	Title = {{MINLO: multi-scale improved NLO}},
	Volume = {10},
	Year = {2012},
	Bdsk-Url-1 = {http://dx.doi.org/10.1007/JHEP10(2012)155}}

@article{PFMEtSignAlgo,
	Archiveprefix = {arXiv},
	Author = {Chatrchyan, Serguei and others},
	Collaboration = {CMS},
	Date-Added = {2017-02-08 17:07:52 +0000},
	Date-Modified = {2017-02-08 17:07:52 +0000},
	Doi = {10.1088/1748-0221/6/09/P09001},
	Eprint = {1106.5048},
	Journal = {JINST},
	Pages = {P09001},
	Primaryclass = {physics.ins-det},
	Reportnumber = {FERMILAB-PUB-11-718-CMS, CMS-JME-10-009, CERN-PH-EP-2011-051},
	Slaccitation = {%%CITATION = ARXIV:1106.5048;%%},
	Title = {{Missing transverse energy performance of the CMS detector}},
	Volume = {6},
	Year = {2011},
	Bdsk-Url-1 = {http://dx.doi.org/10.1088/1748-0221/6/09/P09001}}

@article{Anastasiou:2008tj,
	Archiveprefix = {arXiv},
	Author = {Anastasiou, Charalampos and Boughezal, Radja and Petriello, Frank},
	Date-Added = {2017-02-08 17:07:52 +0000},
	Date-Modified = {2017-02-08 17:07:52 +0000},
	Doi = {10.1088/1126-6708/2009/04/003},
	Eprint = {0811.3458},
	Journal = {JHEP},
	Pages = {003},
	Primaryclass = {hep-ph},
	Slaccitation = {%%CITATION = 0811.3458;%%},
	Title = {{Mixed QCD-electroweak corrections to Higgs boson production in gluon fusion}},
	Volume = {04},
	Year = {2009},
	Bdsk-Url-1 = {http://dx.doi.org/10.1088/1126-6708/2009/04/003}}

@article{Read,
	Author = {Read, A. L.},
	Date-Added = {2017-02-08 17:07:52 +0000},
	Date-Modified = {2017-02-08 17:07:52 +0000},
	Journal = {CERN Report},
	Pages = {81},
	Title = {Modified frequentist analysis of search results (the $CL_s$ method)},
	Url = {http://cdsweb.cern.ch/record/451614},
	Volume = {CERN-OPEN-2000-005},
	Year = {2000},
	Bdsk-Url-1 = {http://cdsweb.cern.ch/record/451614}}

@article{Lai:2010vv,
	Archiveprefix = {arXiv},
	Author = {Hung-Liang Lai and Marco Guzzi and Joey Huston and Zhao Li and Pavel M. Nadolsky and Jon Pumplin and C.-P. Yuan},
	Date-Added = {2017-02-08 17:07:52 +0000},
	Date-Modified = {2017-02-08 17:07:52 +0000},
	Doi = {10.1103/PhysRevD.82.074024},
	Eprint = {1007.2241},
	Journal = {Phys. Rev. D},
	Pages = {074024},
	Primaryclass = {hep-ph},
	Title = {{New parton distributions for collider physics}},
	Volume = {82},
	Year = {2010},
	Bdsk-Url-1 = {http://dx.doi.org/10.1103/PhysRevD.82.074024}}

@article{Harlander:2002wh,
	Archiveprefix = {arXiv},
	Author = {Harlander, R. V. and Kilgore, W. B.},
	Date-Added = {2017-02-08 17:07:52 +0000},
	Date-Modified = {2017-02-08 17:07:52 +0000},
	Doi = {10.1103/PhysRevLett.88.201801},
	Eprint = {hep-ph/0201206},
	Journal = {Phys. Rev. Lett.},
	Pages = {201801},
	Slaccitation = {%%CITATION = HEP-PH/0201206;%%},
	Title = {{Next-to-Next-to-Leading Order Higgs Production at Hadron Colliders}},
	Volume = {88},
	Year = {2002},
	Bdsk-Url-1 = {http://dx.doi.org/10.1103/PhysRevLett.88.201801}}

@article{Actis:2008ug,
	Archiveprefix = {arXiv},
	Author = {Actis, Stefano and Passarino, Giampiero and Sturm, Chridtian and Uccirati, Sandro},
	Date-Added = {2017-02-08 17:07:52 +0000},
	Date-Modified = {2017-02-08 17:07:52 +0000},
	Doi = {10.1016/j.physletb.2008.10.018},
	Eprint = {0809.1301},
	Journal = {Phys. Lett. B},
	Pages = {12},
	Primaryclass = {hep-ph},
	Slaccitation = {%%CITATION = 0809.1301;%%},
	Title = {{NLO} electroweak corrections to {H}iggs boson production at hadron colliders},
	Volume = {670},
	Year = {2008},
	Bdsk-Url-1 = {http://dx.doi.org/10.1016/j.physletb.2008.10.018}}

@article{Alioli:2008tz,
	Archiveprefix = {arXiv},
	Author = {Alioli, Simone and Nason, Paolo and Oleari, Carlo and Re, Emanuele},
	Date-Added = {2017-02-08 17:07:52 +0000},
	Date-Modified = {2017-02-08 17:07:52 +0000},
	Doi = {10.1088/1126-6708/2009/04/002},
	Eprint = {0812.0578},
	Journal = {JHEP},
	Pages = {002},
	Primaryclass = {hep-ph},
	Slaccitation = {%%CITATION = ARXIV:0812.0578;%%},
	Title = {{NLO Higgs boson production via gluon fusion matched with shower in POWHEG}},
	Volume = {04},
	Year = {2009},
	Bdsk-Url-1 = {http://dx.doi.org/10.1088/1126-6708/2009/04/002}}

@article{Ravindran:2003um,
	Archiveprefix = {arXiv},
	Author = {Ravindran, V. and Smith, J. and van Neerven, W. L.},
	Date-Added = {2017-02-08 17:07:52 +0000},
	Date-Modified = {2017-02-08 17:07:52 +0000},
	Doi = {10.1016/S0550-3213(03)00457-7},
	Eprint = {hep-ph/0302135},
	Journal = {Nucl. Phys. B},
	Pages = {325},
	Slaccitation = {%%CITATION = HEP-PH/0302135;%%},
	Title = {{NNLO corrections to the total cross section for Higgs boson production in hadron-hadron collisions}},
	Volume = {665},
	Year = {2003},
	Bdsk-Url-1 = {http://dx.doi.org/10.1016/S0550-3213(03)00457-7}}

@article{Brein:2003wg,
	Archiveprefix = {arXiv},
	Author = {Brein, Oliver and Djouadi, Abdelhak and Harlander, Robert},
	Date-Added = {2017-02-08 17:07:52 +0000},
	Date-Modified = {2017-02-08 17:07:52 +0000},
	Doi = {10.1016/j.physletb.2003.10.112},
	Eprint = {hep-ph/0307206},
	Journal = {Phys. Lett. B},
	Pages = {149},
	Slaccitation = {%%CITATION = HEP-PH/0307206;%%},
	Title = {{NNLO QCD corrections to the Higgs-strahlung processes at hadron colliders}},
	Volume = {579},
	Year = {2004},
	Bdsk-Url-1 = {http://dx.doi.org/10.1016/j.physletb.2003.10.112}}

@article{CMSobservation125,
	Archiveprefix = {arXiv},
	Author = {Chatrchyan, Serguei and others},
	Collaboration = {CMS},
	Date-Added = {2017-02-08 17:07:52 +0000},
	Date-Modified = {2017-02-08 17:07:52 +0000},
	Doi = {10.1016/j.physletb.2012.08.021},
	Eprint = {1207.7235},
	Journal = {Phys. Lett. B},
	Primaryclass = {hep-ex},
	Reportnumber = {CMS-HIG-12-028, CERN-PH-EP-2012-220},
	Slaccitation = {%%CITATION = ARXIV:1207.7235;%%},
	Title = {{Observation of a new boson at a mass of 125 GeV with the CMS experiment at the LHC}},
	Volume = {716},
	Year = {2012},
	Bdsk-Url-1 = {http://dx.doi.org/10.1016/j.physletb.2012.08.021}}

@article{CMSobservation125Long,
	Author = {Chatrchyan, Serguei and others},
	Collaboration = {CMS},
	Date-Added = {2017-02-08 17:07:52 +0000},
	Date-Modified = {2017-02-08 17:07:52 +0000},
	Doi = {10.1007/JHEP06(2013)081},
	Journal = {JHEP},
	Keywords = {Hadron-Hadron Scattering},
	Language = {English},
	Pages = {081},
	Publisher = {Springer-Verlag},
	Title = {Observation of a new boson with mass near 125 GeV in pp collisions at $\sqrt{s}$ = 7 and 8 TeV},
	Volume = {06},
	Year = {2013},
	Bdsk-Url-1 = {http://dx.doi.org/10.1007/JHEP06(2013)081}}

@article{ATLASobservation125,
	Archiveprefix = {arXiv},
	Author = {Aad, Georges and others},
	Collaboration = {ATLAS},
	Date-Added = {2017-02-08 17:07:52 +0000},
	Date-Modified = {2017-02-08 17:07:52 +0000},
	Doi = {10.1016/j.physletb.2012.08.020},
	Eprint = {1207.7214},
	Journal = {Phys. Lett. B},
	Primaryclass = {hep-ex},
	Reportnumber = {CERN-PH-EP-2012-218},
	Slaccitation = {%%CITATION = ARXIV:1207.7214;%%},
	Title = {{Observation of a new particle in the search for the Standard Model Higgs boson with the ATLAS detector at the LHC}},
	Volume = {716},
	Year = {2012},
	Bdsk-Url-1 = {http://dx.doi.org/10.1016/j.physletb.2012.08.020}}

@article{Barate:2000ts,
	Archiveprefix = {arXiv},
	Author = {Barate, R. and others},
	Collaboration = {ALEPH},
	Date-Added = {2017-02-08 17:07:52 +0000},
	Date-Modified = {2017-02-08 17:07:52 +0000},
	Doi = {10.1016/S0370-2693(00)01269-7},
	Eprint = {hep-ex/0011045},
	Journal = {Phys. Lett. B},
	Pages = {1},
	Primaryclass = {hep-ex},
	Reportnumber = {CERN-EP-2000-138},
	Slaccitation = {%%CITATION = HEP-EX/0011045;%%},
	Title = {{Observation of an excess in the search for the Standard Model Higgs boson at ALEPH}},
	Volume = {495},
	Year = {2000},
	Bdsk-Url-1 = {http://dx.doi.org/10.1016/S0370-2693(00)01269-7}}

@techreport{CMS-PAS-PFT-09-001,
	Author = {{CMS Collaboration}},
	Collaboration = {CMS},
	Date-Added = {2017-02-08 17:07:52 +0000},
	Date-Modified = {2017-02-08 17:07:52 +0000},
	Number = {CMS-PAS-PFT-09-001},
	Title = {Particle--Flow Event Reconstruction in {CMS} and Performance for Jets, Taus, and {\MET}},
	Type = {CMS Physics Analysis Summary},
	Url = {http://cdsweb.cern.ch/record/1194487},
	Year = {2009},
	Bdsk-Url-1 = {http://cdsweb.cern.ch/record/1194487}}

@article{Chatrchyan:2012xi,
	Archiveprefix = {arXiv},
	Author = {Chatrchyan, Serguei and others},
	Collaboration = {CMS},
	Date-Added = {2017-02-08 17:07:52 +0000},
	Date-Modified = {2017-02-08 17:07:52 +0000},
	Doi = {10.1088/1748-0221/7/10/P10002},
	Eprint = {1206.4071},
	Journal = {JINST},
	Pages = {P10002},
	Primaryclass = {physics.ins-det},
	Reportnumber = {CMS-MUO-10-004, CERN-PH-EP-2012-173},
	Slaccitation = {%%CITATION = ARXIV:1206.4071;%%},
	Title = {{Performance of CMS muon reconstruction in pp collision events at $\sqrt{s}=7$ TeV}},
	Volume = {7},
	Year = {2012},
	Bdsk-Url-1 = {http://dx.doi.org/10.1088/1748-0221/7/10/P10002}}

@techreport{CMS-JME-12-002,
	Author = {{CMS Collaboration}},
	Collaboration = {CMS},
	Date-Added = {2017-02-08 17:07:52 +0000},
	Date-Modified = {2017-02-08 17:07:52 +0000},
	Number = {CMS-PAS-JME-12-002},
	Title = {Performance of Missing Transverse Momentum Reconstruction Algorithms in Proton-Proton Collisions at $\sqrt{s}=8$ {TeV} with the {CMS} Detector},
	Type = {CMS Physics Analysis Summary},
	Url = {http://cdsweb.cern.ch/record/1543527},
	Year = {2012},
	Bdsk-Url-1 = {http://cdsweb.cern.ch/record/1543527}}

@article{CMS-PAS-MUO-10-002,
	Collaboration = {CMS},
	Date-Added = {2017-02-08 17:07:52 +0000},
	Date-Modified = {2017-02-08 17:07:52 +0000},
	Journal = {CMS Physics Analysis Summary},
	Title = {Performance of muon identification in pp collisions at $\sqrt{s}$ = 7 {TeV}},
	Url = {http://cdsweb.cern.ch/record/1279140},
	Volume = {CMS-PAS-MUO-10-002},
	Year = {2010},
	Bdsk-Url-1 = {http://cdsweb.cern.ch/record/1279140}}

@article{CMS-PAS-TAU-11-001,
	Author = {Chatrchyan, Serguei and others},
	Collaboration = {CMS},
	Date-Added = {2017-02-08 17:07:52 +0000},
	Date-Modified = {2017-02-08 17:07:52 +0000},
	Doi = {10.1088/1748-0221/7/01/P01001},
	Journal = {JINST},
	Pages = {P01001},
	Title = {Performance of $\tau$-lepton reconstruction and identification in {CMS}},
	Volume = {7},
	Year = {2012},
	Bdsk-Url-1 = {http://dx.doi.org/10.1088/1748-0221/7/01/P01001}}

@article{EWK,
	Archiveprefix = {arXiv},
	Author = {Alcaraz, J.},
	Collaboration = {ALEPH, CDF, D0, DELPHI, L3, OPAL and SLD},
	Date-Added = {2017-02-08 17:07:52 +0000},
	Date-Modified = {2017-02-08 17:07:52 +0000},
	Eprint = {0911.2604},
	Primaryclass = {hep-ex},
	Slaccitation = {%%CITATION = 0911.2604;%%},
	Title = {{Precision Electroweak Measurements and Constraints on the Standard Model}},
	Year = {2009}}

@article{Read2,
	Author = {Read, A. L.},
	Date-Added = {2017-02-08 17:07:52 +0000},
	Date-Modified = {2017-02-08 17:07:52 +0000},
	Doi = {10.1088/0954-3899/28/10/313},
	Journal = {J. Phys. G},
	Pages = {2693},
	Title = {Presentation of search results: the $CL_s$ technique},
	Volume = {28},
	Year = {2002},
	Bdsk-Url-1 = {http://dx.doi.org/10.1088/0954-3899/28/10/313}}

@techreport{LHC-HCG-Report,
	Author = {{ATLAS and CMS Collaborations, LHC Higgs Combination Group}},
	Date-Added = {2017-02-08 17:07:52 +0000},
	Date-Modified = {2017-02-08 17:07:52 +0000},
	Institution = {CERN},
	Number = {ATL-PHYS-PUB 2011-11, CMS NOTE 2011/005},
	Title = {Procedure for the {LHC} {H}iggs boson search combination in {S}ummer 2011},
	Url = {http://cdsweb.cern.ch/record/1379837},
	Year = {2011},
	Bdsk-Url-1 = {http://cdsweb.cern.ch/record/1379837}}

@techreport{LHC-HCG,
	Author = {{ATLAS and CMS Collaborations, LHC Higgs Combination Group}},
	Date-Added = {2017-02-08 17:07:52 +0000},
	Date-Modified = {2017-02-08 17:07:52 +0000},
	Number = {2011-11, 2011/005},
	Title = {Procedure for the {LHC} Higgs boson search combination in {S}ummer 2011},
	Type = {ATL-PHYS-PUB/CMS NOTE},
	Url = {http://cdsweb.cern.ch/record/1379837},
	Year = {2011},
	Bdsk-Url-1 = {http://cdsweb.cern.ch/record/1379837}}

@article{Djouadi:1991tka,
	Author = {Djouadi, A. and Spira, M. and Zerwas, P. M.},
	Date-Added = {2017-02-08 17:07:52 +0000},
	Date-Modified = {2017-02-08 17:07:52 +0000},
	Doi = {10.1016/0370-2693(91)90375-Z},
	Journal = {Phys. Lett. B},
	Pages = {440},
	Slaccitation = {%%CITATION = PHLTA,B264,440;%%},
	Title = {{Production of Higgs bosons in proton colliders. QCD corrections}},
	Volume = {264},
	Year = {1991},
	Bdsk-Url-1 = {http://dx.doi.org/10.1016/0370-2693(91)90375-Z}}

@article{pythia,
	Author = {Sj{\"o}strand, Torbjorn and Mrenna, Stephen and Skands, Peter Z.},
	Date-Added = {2017-02-08 17:07:52 +0000},
	Date-Modified = {2017-02-08 17:07:52 +0000},
	Doi = {10.1088/1126-6708/2006/05/026},
	Journal = {JHEP},
	Pages = {026},
	Primaryclass = {hep-ph},
	Slaccitation = {%%CITATION = HEP-PH/0603175;%%},
	Title = {{PYTHIA 6.4 physics and manual}},
	Volume = {05},
	Year = {2006},
	Bdsk-Url-1 = {http://dx.doi.org/10.1088/1126-6708/2006/05/026}}

@article{Dawson:1990zj,
	Author = {Dawson, S.},
	Date-Added = {2017-02-08 17:07:52 +0000},
	Date-Modified = {2017-02-08 17:07:52 +0000},
	Doi = {10.1016/0550-3213(91)90061-2},
	Journal = {Nucl. Phys. B},
	Pages = {283},
	Slaccitation = {%%CITATION = NUPHA,B359,283;%%},
	Title = {{Radiative corrections to Higgs boson production}},
	Volume = {359},
	Year = {1991},
	Bdsk-Url-1 = {http://dx.doi.org/10.1016/0550-3213(91)90061-2}}

@article{Aaltonen:2012jh,
	Archiveprefix = {arXiv},
	Author = {Aaltonen, T. and others},
	Collaboration = {CDF},
	Date-Added = {2017-02-08 17:07:52 +0000},
	Date-Modified = {2017-02-08 17:07:52 +0000},
	Doi = {10.1103/PhysRevLett.108.181804},
	Eprint = {1201.4880},
	Journal = {Phys. Rev. Lett.},
	Pages = {181804},
	Primaryclass = {hep-ex},
	Reportnumber = {FERMILAB-PUB-12-017-E},
	Slaccitation = {%%CITATION = ARXIV:1201.4880;%%},
	Title = {{Search for a Low-Mass Standard Model Higgs Boson in the $\tau$$\tau$ Decay Channel in $\text{p}\bar{\text{p}}$ Collisions at $\sqrt{s}$ = 1.96 TeV}},
	Volume = {108},
	Year = {2012},
	Bdsk-Url-1 = {http://dx.doi.org/10.1103/PhysRevLett.108.181804}}

@article{Chatrchyan:2012vp,
	Archiveprefix = {arXiv},
	Author = {Chatrchyan, Serguei and others},
	Collaboration = {CMS},
	Date-Added = {2017-02-08 17:07:52 +0000},
	Date-Modified = {2017-02-08 17:07:52 +0000},
	Doi = {10.1016/j.physletb.2012.05.028},
	Eprint = {1202.4083},
	Journal = {Phys. Lett. B},
	Pages = {68},
	Primaryclass = {hep-ex},
	Reportnumber = {CMS-HIG-11-029, CERN-PH-EP-2012-034},
	Slaccitation = {%%CITATION = ARXIV:1202.4083;%%},
	Title = {{Search for neutral Higgs bosons decaying to $\tau$ pairs in pp collisions at $\sqrt{s}=7$ TeV}},
	Volume = {713},
	Year = {2012},
	Bdsk-Url-1 = {http://dx.doi.org/10.1016/j.physletb.2012.05.028}}

@article{Barate:2003sz,
	Archiveprefix = {arXiv},
	Author = {Barate, R. and others},
	Collaboration = {LEP Working Group for Higgs boson searches, ALEPH Collaboration, DELPHI Collaboration, L3 Collaboration, OPAL Collaboration},
	Date-Added = {2017-02-08 17:07:52 +0000},
	Date-Modified = {2017-02-08 17:07:52 +0000},
	Doi = {10.1016/S0370-2693(03)00614-2},
	Eprint = {hep-ex/0306033},
	Journal = {Phys. Lett. B},
	Pages = {61},
	Primaryclass = {hep-ex},
	Reportnumber = {CERN-EP-2003-011},
	Slaccitation = {%%CITATION = HEP-EX/0306033;%%},
	Title = {{Search for the standard model Higgs boson at LEP}},
	Volume = {565},
	Year = {2003},
	Bdsk-Url-1 = {http://dx.doi.org/10.1016/S0370-2693(03)00614-2}}

@article{CMS-PAS-HIG-12-053,
	Collaboration = {CMS},
	Date-Added = {2017-02-08 17:07:52 +0000},
	Date-Modified = {2017-02-08 17:07:52 +0000},
	Journal = {CMS Physics Analysis Summary},
	Title = {Search for the standard model Higgs boson decaying to tau pairs produced in association with a W or Z boson},
	Volume = {CMS-PAS-HIG-12-053},
	Year = {2012}}

@article{Abbiendi:2000ac,
	Archiveprefix = {arXiv},
	Author = {Abbiendi, G. and others},
	Collaboration = {OPAL},
	Date-Added = {2017-02-08 17:07:52 +0000},
	Date-Modified = {2017-02-08 17:07:52 +0000},
	Doi = {10.1016/S0370-2693(01)00070-3},
	Eprint = {hep-ex/0101014},
	Journal = {Phys. Lett. B},
	Pages = {38},
	Primaryclass = {hep-ex},
	Reportnumber = {CERN-EP-2000-156},
	Slaccitation = {%%CITATION = HEP-EX/0101014;%%},
	Title = {{Search for the Standard Model Higgs boson in e$^+$e$^-$ collisions at $\sqrt{s}$ = 192--209 GeV}},
	Volume = {499},
	Year = {2001},
	Bdsk-Url-1 = {http://dx.doi.org/10.1016/S0370-2693(01)00070-3}}

@article{Abazov:2012zj,
	Archiveprefix = {arXiv},
	Author = {Abazov, Victor Mukhamedovich and others},
	Collaboration = {D0},
	Date-Added = {2017-02-08 17:07:52 +0000},
	Date-Modified = {2017-02-08 17:07:52 +0000},
	Doi = {10.1016/j.physletb.2012.07.012},
	Eprint = {1203.4443},
	Journal = {Phys. Lett. B},
	Pages = {237},
	Primaryclass = {hep-ex},
	Reportnumber = {FERMILAB-PUB-12-076-E},
	Slaccitation = {%%CITATION = ARXIV:1203.4443;%%},
	Title = {{Search for the standard model Higgs boson in tau lepton final states}},
	Volume = {714},
	Year = {2012},
	Bdsk-Url-1 = {http://dx.doi.org/10.1016/j.physletb.2012.07.012}}

@article{Aad:2012mea,
	Archiveprefix = {arXiv},
	Author = {Aad, Georges and others},
	Collaboration = {ATLAS},
	Date-Added = {2017-02-08 17:07:52 +0000},
	Date-Modified = {2017-02-08 17:07:52 +0000},
	Doi = {10.1007/JHEP09(2012)070},
	Eprint = {1206.5971},
	Journal = {JHEP},
	Pages = {070},
	Primaryclass = {hep-ex},
	Reportnumber = {CERN-PH-EP-2012-140},
	Slaccitation = {%%CITATION = ARXIV:1206.5971;%%},
	Title = {{Search for the Standard Model Higgs boson in the $\PH$ to $\tau^{+} \tau^{-}$ decay mode in $\sqrt{s}=7$ TeV pp collisions with ATLAS}},
	Volume = {09},
	Year = {2012},
	Bdsk-Url-1 = {http://dx.doi.org/10.1007/JHEP09(2012)070}}

@article{Catani:2003zt,
	Author = {Catani, Stefano and de Florian, Daniel and Grazzini, Massimiliano and Nason, Paolo},
	Date-Added = {2017-02-08 17:07:52 +0000},
	Date-Modified = {2017-02-08 17:07:52 +0000},
	Doi = {10.1088/1126-6708/2003/07/028},
	Journal = {JHEP},
	Pages = {028},
	Slaccitation = {%%CITATION = HEP-PH/0306211;%%},
	Title = {{Soft-gluon resummation for Higgs boson production at hadron colliders}},
	Volume = {07},
	Year = {2003},
	Bdsk-Url-1 = {http://dx.doi.org/10.1088/1126-6708/2003/07/028}}

@article{Higgs:1966ev,
	Author = {Higgs, P. W.},
	Date-Added = {2017-02-08 17:07:52 +0000},
	Date-Modified = {2017-02-08 17:07:52 +0000},
	Doi = {10.1103/PhysRev.145.1156},
	Journal = {Phys. Rev.},
	Pages = {1156},
	Title = {{Spontaneous Symmetry Breakdown without Massless Bosons}},
	Volume = {145},
	Year = {1966},
	Bdsk-Url-1 = {http://dx.doi.org/10.1103/PhysRev.145.1156}}

@article{Achard:2001pj,
	Archiveprefix = {arXiv},
	Author = {Achard, P. and others},
	Collaboration = {L3},
	Date-Added = {2017-02-08 17:07:52 +0000},
	Date-Modified = {2017-02-08 17:07:52 +0000},
	Doi = {10.1016/S0370-2693(01)01010-3},
	Eprint = {hep-ex/0107054},
	Journal = {Phys. Lett. B},
	Pages = {319},
	Primaryclass = {hep-ex},
	Reportnumber = {CERN-EP-2001-049},
	Slaccitation = {%%CITATION = HEP-EX/0107054;%%},
	Title = {{Standard model Higgs boson with the L3 experiment at LEP}},
	Volume = {517},
	Year = {2001},
	Bdsk-Url-1 = {http://dx.doi.org/10.1016/S0370-2693(01)01010-3}}

@article{Denner:2011mq,
	Archiveprefix = {arXiv},
	Author = {Denner, A. and Heinemeyer, S. and Puljak, I. and Rebuzzi, D. and Spira, M.},
	Date-Added = {2017-02-08 17:07:52 +0000},
	Date-Modified = {2017-02-08 17:07:52 +0000},
	Doi = {10.1140/epjc/s10052-011-1753-8},
	Eprint = {1107.5909},
	Journal = {Eur. Phys. J. C},
	Pages = {1753},
	Primaryclass = {hep-ph},
	Slaccitation = {%%CITATION = ARXIV:1107.5909;%%},
	Title = {Standard model {H}iggs-boson branching ratios with uncertainties},
	Volume = {71},
	Year = {2011},
	Bdsk-Url-1 = {http://dx.doi.org/10.1140/epjc/s10052-011-1753-8}}

@article{Ciccolini:2007jr,
	Archiveprefix = {arXiv},
	Author = {Ciccolini, M. and Denner, Ansgar and Dittmaier, S.},
	Date-Added = {2017-02-08 17:07:52 +0000},
	Date-Modified = {2017-02-08 17:07:52 +0000},
	Doi = {10.1103/PhysRevLett.99.161803},
	Eprint = {0707.0381},
	Journal = {Phys. Rev. Lett.},
	Pages = {161803},
	Primaryclass = {hep-ph},
	Title = {Strong and Electroweak Corrections to the Production of a {H}iggs Boson + 2 Jets via Weak Interactions at the {Large Hadron Collider}},
	Volume = {99},
	Year = {2007},
	Bdsk-Url-1 = {http://dx.doi.org/10.1103/PhysRevLett.99.161803}}

@article{Chatrchyan:2012jja,
	Archiveprefix = {arXiv},
	Author = {Chatrchyan, Serguei and others},
	Collaboration = {CMS},
	Date-Added = {2017-02-08 17:07:52 +0000},
	Date-Modified = {2017-02-08 17:07:52 +0000},
	Doi = {10.1103/PhysRevLett.110.081803},
	Eprint = {1212.6639},
	Journal = {Phys. Rev. Lett.},
	Pages = {081803},
	Primaryclass = {hep-ex},
	Reportnumber = {CMS-HIG-12-041, CERN-PH-EP-2012-372},
	Slaccitation = {%%CITATION = ARXIV:1212.6639;%%},
	Title = {{Study of the Mass and Spin-Parity of the Higgs Boson Candidate via Its Decays to Z Boson Pairs}},
	Volume = {110},
	Year = {2013},
	Bdsk-Url-1 = {http://dx.doi.org/10.1103/PhysRevLett.110.081803}}

@article{Kibble:1967sv,
	Author = {Kibble, T. W. B.},
	Date-Added = {2017-02-08 17:07:52 +0000},
	Date-Modified = {2017-02-08 17:07:52 +0000},
	Doi = {10.1103/PhysRev.155.1554},
	Journal = {Phys. Rev.},
	Pages = {1554},
	Title = {{Symmetry Breaking in Non-Abelian Gauge Theories}},
	Volume = {155},
	Year = {1967},
	Bdsk-Url-1 = {http://dx.doi.org/10.1103/PhysRev.155.1554}}

@article{TauPol,
	Author = {Bullock, B. K. and Hagiwara, Kaoru and Martin, Alan D.},
	Date-Added = {2017-02-08 17:07:52 +0000},
	Date-Modified = {2017-02-08 17:07:52 +0000},
	Doi = {10.1016/0550-3213(93)90045-Q},
	Journal = {Nucl. Phys. B},
	Pages = {499},
	Title = {{Tau polarization and its correlations as a probe of new physics}},
	Volume = {395},
	Year = {1993},
	Bdsk-Url-1 = {http://dx.doi.org/10.1016/0550-3213(93)90045-Q}}

@article{TAUOLA,
	Author = {Stanis{\l}aw Jadach and Johann H. K\"uhn and Zbigniew W{\c{a}}s},
	Date-Added = {2017-02-08 17:07:52 +0000},
	Date-Modified = {2017-02-08 17:07:52 +0000},
	Doi = {10.1016/0010-4655(91)90038-M},
	Journal = {Comput. Phys. Commun.},
	Pages = {275},
	Title = {{TAUOLA} - a library of {M}onte {C}arlo programs to simulate decays of polarized tau leptons},
	Volume = {64},
	Year = {1991},
	Bdsk-Url-1 = {http://dx.doi.org/10.1016/0010-4655(91)90038-M}}

@article{Cacciari:2008gp,
	Archiveprefix = {arXiv},
	Author = {Cacciari, Matteo and Salam, Gavin P. and Soyez, Gregory},
	Date-Added = {2017-02-08 17:07:52 +0000},
	Date-Modified = {2017-02-08 17:07:52 +0000},
	Doi = {10.1088/1126-6708/2008/04/063},
	Eprint = {0802.1189},
	Journal = {JHEP},
	Pages = {063},
	Primaryclass = {hep-ex},
	Title = {The anti-$k_t$ jet clustering algorithm},
	Volume = {04},
	Year = {2008},
	Bdsk-Url-1 = {http://dx.doi.org/10.1088/1126-6708/2008/04/063}}

@article{CMS-JINST,
	Author = {Chatrchyan, S. and others},
	Collaboration = {CMS},
	Date-Added = {2017-02-08 17:07:52 +0000},
	Date-Modified = {2017-02-08 17:07:52 +0000},
	Doi = {10.1088/1748-0221/3/08/S08004},
	Journal = {JINST},
	Pages = {S08004},
	Slaccitation = {%%CITATION = JINST,3,S08004;%%},
	Title = {The {CMS} experiment at the {CERN} {LHC}},
	Volume = {3},
	Year = {2008},
	Bdsk-Url-1 = {http://dx.doi.org/10.1088/1748-0221/3/08/S08004}}

@unpublished{Botje:2011sn,
	Archiveprefix = {arXiv},
	Author = {Michiel Botje and Jon Butterworth and Amanda Cooper-Sarkar and Albert de Roeck and Joel Feltesse and Stefano Forte and Alexander Glazov and Joey Huston and Ronan McNulty and Torbj{\"o"}rn Sj{\"o}strand and Robert Thorne},
	Date-Added = {2017-02-08 17:07:52 +0000},
	Date-Modified = {2017-02-08 17:07:52 +0000},
	Eprint = {1101.0538},
	Primaryclass = {hep-ph},
	Title = {{The PDF4LHC Working Group Interim Recommendations}},
	Year = {2011}}

@unpublished{Alekhin:2011sk,
	Archiveprefix = {arXiv},
	Author = {S. Alekhin and others},
	Date-Added = {2017-02-08 17:07:52 +0000},
	Date-Modified = {2017-02-08 17:07:52 +0000},
	Eprint = {1101.0536},
	Primaryclass = {hep-ph},
	Title = {{The PDF4LHC Working Group Interim Report}},
	Year = {2011}}

@article{tmva,
	Archiveprefix = {arXiv},
	Author = {{A. Hoecker et al.}},
	Date-Added = {2017-02-08 17:07:52 +0000},
	Date-Modified = {2017-02-08 17:07:52 +0000},
	Eprint = {0703039},
	Primaryclass = {physics},
	Slaccitation = {%%CITATION = 0703039;%%},
	Title = {TMVA - toolkit for multivariate data analysis},
	Year = {2007}}

@inproceedings{Hocker:2007ht,
	Archiveprefix = {arXiv},
	Author = {Voss, Helge and H{\"o}cker, Andreas and Stelzer, J{\"o}rg and Tegenfeldt, Fredrik},
	Booktitle = {XI Int. Workshop on Advanced Computing and Analysis Techniques in Physics Research},
	Date-Added = {2017-02-08 17:07:52 +0000},
	Date-Modified = {2017-02-08 17:07:52 +0000},
	Eprint = {physics/0703039},
	Note = {{PoS ACAT:040}},
	Slaccitation = {%%CITATION = PHYSICS/0703039;%%},
	Title = {{TMVA, the Toolkit for Multivariate Data Analysis with ROOT}},
	Url = {http://pos.sissa.it/archive/conferences/050/040/ACAT_040.pdf},
	Year = {2007},
	Bdsk-Url-1 = {http://pos.sissa.it/archive/conferences/050/040/ACAT_040.pdf}}

@article{Degrassi:2004mx,
	Archiveprefix = {arXiv},
	Author = {Degrassi, G. and Maltoni, F.},
	Date-Added = {2017-02-08 17:07:52 +0000},
	Date-Modified = {2017-02-08 17:07:52 +0000},
	Doi = {10.1016/j.physletb.2004.09.008},
	Eprint = {hep-ph/0407249},
	Journal = {Phys. Lett. B},
	Pages = {255},
	Slaccitation = {%%CITATION = HEP-PH/0407249;%%},
	Title = {{Two-loop electroweak corrections to Higgs production at hadron colliders}},
	Volume = {600},
	Year = {2004},
	Bdsk-Url-1 = {http://dx.doi.org/10.1016/j.physletb.2004.09.008}}

@article{Aglietti:2004nj,
	Archiveprefix = {arXiv},
	Author = {Aglietti, U. and Bonciani, R. and Degrassi, G. and Vicini, A.},
	Date-Added = {2017-02-08 17:07:52 +0000},
	Date-Modified = {2017-02-08 17:07:52 +0000},
	Doi = {10.1016/j.physletb.2004.06.063},
	Eprint = {hep-ph/0404071},
	Journal = {Phys. Lett. B},
	Pages = {432},
	Slaccitation = {%%CITATION = HEP-PH/0404071;%%},
	Title = {{Two-loop light fermion contribution to Higgs production and decays}},
	Volume = {595},
	Year = {2004},
	Bdsk-Url-1 = {http://dx.doi.org/10.1016/j.physletb.2004.06.063}}

@article{Arnold:2008rz,
	Archiveprefix = {arXiv},
	Author = {Arnold, K. and others},
	Date-Added = {2017-02-08 17:07:52 +0000},
	Date-Modified = {2017-02-08 17:07:52 +0000},
	Doi = {10.1016/j.cpc.2009.03.006},
	Eprint = {0811.4559},
	Journal = {Comput. Phys. Commun.},
	Pages = {1661},
	Primaryclass = {hep-ph},
	Slaccitation = {%%CITATION = 0811.4559;%%},
	Title = {{VBFNLO: A parton level Monte Carlo for processes with electroweak bosons}},
	Volume = {180},
	Year = {2009},
	Bdsk-Url-1 = {http://dx.doi.org/10.1016/j.cpc.2009.03.006}}

@inproceedings{SM3,
	Address = {Stockholm},
	Author = {Salam, Abdus},
	Booktitle = {Elementary particle physics: relativistic groups and analyticity},
	Date-Added = {2017-02-08 17:07:52 +0000},
	Date-Modified = {2017-02-08 17:07:52 +0000},
	Editor = {Svartholm, Nils},
	Note = {Proceedings of the eighth Nobel symposium},
	Pages = {367},
	Publisher = {Almqvist \& Wiksell},
	Title = {Weak and electromagnetic interactions},
	Year = {1968}}

@unpublished{MET,
	Date-Added = {2017-02-08 17:07:52 +0000},
	Date-Modified = {2017-02-08 17:07:52 +0000},
	Note = {{The missing transverse energy $E_T^{\mathrm{mis}}$ is defined as the vector opposite to the vector sum of the transverse momenta of all reconstructed objects in the volume of the detector (leptons, photons, and charged/neutral hadrons)}}}

@article{MCFM,
	Author = {J. Campbell and R. K. Ellis},
	Date-Added = {2017-02-08 17:07:52 +0000},
	Date-Modified = {2017-02-08 17:07:52 +0000},
	Journal = {Nucl. Phys. Proc. Suppl.},
	Note = {MCFM code: http://mcfm.fnal.gov/},
	Pages = {10},
	Volume = {205-206},
	Year = {2010}}

@article{1748-0221-8-03-C03020,
	Author = {W Bialas and D A Petyt},
	Date-Added = {2017-02-08 17:07:32 +0000},
	Date-Modified = {2017-02-08 17:07:32 +0000},
	Doi = {10.1088/1748-0221/8/03/C03020},
	Journal = {JINST},
	Pages = {C03020},
	Title = {Mitigation of anomalous APD signals in the CMS ECAL},
	Url = {http://stacks.iop.org/1748-0221/8/i=03/a=C03020},
	Volume = {8},
	Year = {2013},
	Bdsk-Url-1 = {http://stacks.iop.org/1748-0221/8/i=03/a=C03020},
	Bdsk-Url-2 = {http://dx.doi.org/10.1088/1748-0221/8/03/C03020}}

@article{2009NuPhS.197..275A,
	Adsnote = {Provided by the SAO/NASA Astrophysics Data System},
	Adsurl = {http://adsabs.harvard.edu/abs/2009NuPhS.197..275A},
	Archiveprefix = {arXiv},
	Author = {{Azzurri}, P.},
	Date-Added = {2017-02-08 17:07:32 +0000},
	Date-Modified = {2017-02-08 17:07:32 +0000},
	Doi = {10.1016/j.nuclphysbps.2009.10.084},
	Eprint = {0812.5036},
	Journal = {Nucl. Phys. Proc. Suppl.},
	Pages = {275},
	Primaryclass = {physics.ins-det},
	Title = {{Track Reconstruction Performance in CMS}},
	Volume = {B197},
	Year = 2009,
	Bdsk-Url-1 = {http://dx.doi.org/10.1016/j.nuclphysbps.2009.10.084}}

@article{Aad:2008zzm,
	Author = {Aad, G. and others},
	Collaboration = {ATLAS},
	Date-Added = {2017-02-08 17:07:32 +0000},
	Date-Modified = {2017-02-08 17:07:32 +0000},
	Doi = {10.1088/1748-0221/3/08/S08003},
	Journal = {JINST},
	Pages = {S08003},
	Slaccitation = {%%CITATION = JINST,3,S08003;%%},
	Title = {{The ATLAS Experiment at the CERN Large Hadron Collider}},
	Volume = {3},
	Year = {2008},
	Bdsk-Url-1 = {http://dx.doi.org/10.1088/1748-0221/3/08/S08003}}

@article{Abreu:1999af,
	Author = {Abreu, P. and others},
	Collaboration = {DELPHI},
	Date-Added = {2017-02-08 17:07:32 +0000},
	Date-Modified = {2017-02-08 17:07:32 +0000},
	Doi = {10.1007/s100520050719},
	Journal = {Eur. Phys. J.},
	Pages = {573},
	Reportnumber = {CERN-EP-99-144},
	Slaccitation = {%%CITATION = EPHJA,C13,573;%%},
	Title = {{Measurement of the gluon fragmentation function and a comparison of the scaling violation in gluon and quark jets}},
	Volume = {C13},
	Year = {2000},
	Bdsk-Url-1 = {http://dx.doi.org/10.1007/s100520050719}}

@article{Adam:934067,
	Author = {Adam, Wolfgang and Mangano, Boris and Speer, Thomas and Todorov, Teddy},
	Collaboration = {CMS},
	Date-Added = {2017-02-08 17:07:32 +0000},
	Date-Modified = {2017-02-08 17:07:32 +0000},
	Journal = {CMS Note},
	Note = {CMS-NOTE-2006-041, \url{https://cds.cern.ch/record/934067?ln=en}},
	Title = {{Track Reconstruction in the CMS tracker}},
	Year = {2006}}

@article{Adzic:2007mi,
	Author = {Adzic, P. and others},
	Date-Added = {2017-02-08 17:07:32 +0000},
	Date-Modified = {2017-02-08 17:07:32 +0000},
	Doi = {10.1088/1748-0221/2/04/P04004},
	Journal = {JINST},
	Pages = {P04004},
	Reportnumber = {CERN-CMS-NOTE-2006-148},
	Slaccitation = {%%CITATION = JINST,2,P04004;%%},
	Title = {{Energy resolution of the barrel of the CMS electromagnetic calorimeter}},
	Volume = {2},
	Year = {2007},
	Bdsk-Url-1 = {http://dx.doi.org/10.1088/1748-0221/2/04/P04004}}

@unpublished{ATLAS:2011aa,
	Archiveprefix = {arXiv},
	Collaboration = {ATLAS},
	Date-Added = {2017-02-08 17:07:32 +0000},
	Date-Modified = {2017-02-08 17:07:32 +0000},
	Eprint = {1112.2577},
	Note = {Submitted to \textit{Phys. Rev. Lett.}},
	Primaryclass = {hep-ex},
	Slaccitation = {%%CITATION = 1112.2577;%%},
	Title = {Search for the {H}iggs boson in the {$H\to$WW(*)$\to \ell^+ \nu \ell^- \bar{\nu}$} decay channel in pp collisions at $\sqrt{s}$ = 7 {TeV} with the {ATLAS} detector},
	Year = {2011}}

@article{Baffioni2007,
	Author = {Baffioni, S. and Charlot, C. and Ferri, F. and Futyan, D. and Meridiani, P. and Puljak, I. and Rovelli, C. and Salerno, R. and Sirois, Y.},
	Date-Added = {2017-02-08 17:07:32 +0000},
	Date-Modified = {2017-02-08 17:07:32 +0000},
	Doi = {10.1140/epjc/s10052-006-0175-5},
	Issn = {1434-6052},
	Journal = {Eur. Phys. J.},
	Pages = {1099},
	Title = {Electron reconstruction in {CMS}},
	Url = {http://dx.doi.org/10.1140/epjc/s10052-006-0175-5},
	Volume = {C49},
	Year = {2007},
	Bdsk-Url-1 = {http://dx.doi.org/10.1140/epjc/s10052-006-0175-5}}

@book{Bayatian:922757,
	Address = {Geneva},
	Collaboration = {CMS},
	Date-Added = {2017-02-08 17:07:32 +0000},
	Date-Modified = {2017-02-08 17:07:32 +0000},
	Note = {	CERN-LHCC-2006-001, \url{https://cds.cern.ch/record/922757?ln=en}},
	Publisher = {CERN},
	Series = {Technical Design Report CMS},
	Title = {{CMS} physics: technical design report volume 1: detector performance and software},
	Year = {2006}}

@article{Beringer:1900zz,
	Author = {{Particle Data Group} and Beringer, J. and others},
	Date-Added = {2017-02-08 17:07:32 +0000},
	Date-Modified = {2017-02-08 17:07:32 +0000},
	Doi = {10.1103/PhysRevD.86.010001},
	Journal = {Phys. Rev. D},
	Pages = {010001},
	Slaccitation = {%%CITATION = PHRVA,D86,010001;%%},
	Title = {{Review of Particle Physics}},
	Volume = {86},
	Year = {2012},
	Bdsk-Url-1 = {http://dx.doi.org/10.1103/PhysRevD.86.010001}}

@article{Bertolini:2014bba,
	Archiveprefix = {arXiv},
	Author = {Bertolini, Daniele and Harris, Philip and Low, Matthew and Tran, Nhan},
	Date-Added = {2017-02-08 17:07:32 +0000},
	Date-Modified = {2017-02-08 17:07:32 +0000},
	Doi = {10.1007/JHEP10(2014)059},
	Eprint = {1407.6013},
	Journal = {JHEP},
	Pages = {059},
	Primaryclass = {hep-ph},
	Reportnumber = {FERMILAB-PUB-14-238-PPD, EFI-14-18, MIT-CTP-4558},
	Slaccitation = {%%CITATION = ARXIV:1407.6013;%%},
	Title = {{Pileup Per Particle Identification}},
	Volume = {10},
	Year = {2014},
	Bdsk-Url-1 = {http://dx.doi.org/10.1007/JHEP10(2014)059}}

@techreport{Bertram:2000br,
	Author = {Bertram, I. and Landsberg, G. and Linnemann, J. and Partridge, R. and Paterno, M. and Prosper, H. B.},
	Date-Added = {2017-02-08 17:07:32 +0000},
	Date-Modified = {2017-02-08 17:07:32 +0000},
	Institution = {Fermilab},
	Number = {{TM-2104}},
	Title = {A Recipe for the construction of confidence limits},
	Url = {http://lss.fnal.gov/archive/test-tm/2000/fermilab-tm-2104.pdf},
	Year = {2000},
	Bdsk-Url-1 = {http://lss.fnal.gov/archive/test-tm/2000/fermilab-tm-2104.pdf}}

@article{Brandt:1997gi,
	Author = {Brandt, A. and others},
	Collaboration = {UA8},
	Date-Added = {2017-02-08 17:07:32 +0000},
	Date-Modified = {2017-02-08 17:07:32 +0000},
	Doi = {10.1016/S0550-3213(97)00813-4},
	Journal = {Nucl. Phys. B},
	Pages = {3},
	Slaccitation = {%%CITATION = HEP-EX 9710004;%%},
	Title = {Measurements of single diffraction at $\sqrt{s} =$ 630 {GeV}: Evidence for a non-linear $\alpha(t)$ of the pomeron},
	Volume = {514},
	Year = {1998},
	Bdsk-Url-1 = {http://dx.doi.org/10.1016/S0550-3213(97)00813-4}}

@book{Bruning:2004ej,
	Address = {Geneva},
	Author = {Bruning, Oliver S. and Collier, P. and Lebrun, P. and Myers, S. and Ostojic, R. and Poole, J. and Proudlock, P.},
	Date-Added = {2017-02-08 17:07:32 +0000},
	Date-Modified = {2017-02-08 17:07:32 +0000},
	Note = {CERN-2004-003-V-1, \url{https://cds.cern.ch/record/782076?ln=en}},
	Publisher = {CERN},
	Series = {Technical Design Report LHC},
	Slaccitation = {%%CITATION = CERN-2004-003-V1;%%},
	Title = {{LHC} design report vol.1: The {LHC} main ring},
	Year = {2004}}

@article{Buchmuller:1986zs,
	Author = {Buchm{\"u}ller, W. and Wyler, D.},
	Date-Added = {2017-02-08 17:07:32 +0000},
	Date-Modified = {2017-02-08 17:07:32 +0000},
	Doi = {10.1016/0370-2693(86)90771-9},
	Journal = {Phys. Lett. B},
	Pages = {377},
	Slaccitation = {%%CITATION = PHLTA,B191,442;%%},
	Title = {Constraints on {SU(5)}-type leptoquarks},
	Volume = {177},
	Year = {1986},
	Bdsk-Url-1 = {http://dx.doi.org/10.1016/0370-2693(86)90771-9}}

@article{Buskulic:1994wz,
	Author = {Buskulic, D. and others},
	Collaboration = {ALEPH},
	Date-Added = {2017-02-08 17:07:32 +0000},
	Date-Modified = {2017-02-08 17:07:32 +0000},
	Doi = {10.1016/0168-9002(95)00138-7},
	Journal = {Nucl. Instrum. Meth.},
	Pages = {481},
	Reportnumber = {CERN-PPE-94-170, FSU-SCRI-95-70},
	Slaccitation = {%%CITATION = NUIMA,A360,481;%%},
	Title = {{Performance of the ALEPH detector at LEP}},
	Volume = {A360},
	Year = {1995},
	Bdsk-Url-1 = {http://dx.doi.org/10.1016/0168-9002(95)00138-7}}

@article{Cacciari:2007fd,
	Archiveprefix = {arXiv},
	Author = {Cacciari, Matteo and Salam, Gavin P.},
	Date-Added = {2017-02-08 17:07:32 +0000},
	Date-Modified = {2017-02-08 17:07:32 +0000},
	Doi = {10.1016/j.physletb.2007.09.077},
	Eprint = {0707.1378},
	Journal = {Phys. Lett. B},
	Pages = {119},
	Primaryclass = {hep-ph},
	Slaccitation = {%%CITATION = 0707.1378;%%},
	Title = {Pileup subtraction using jet areas},
	Volume = {659},
	Year = {2008},
	Bdsk-Url-1 = {http://dx.doi.org/10.1016/j.physletb.2007.09.077}}

@article{Cacciari:2008gn,
	Archiveprefix = {arXiv},
	Author = {Cacciari, Matteo and Salam, Gavin P. and Soyez, Gregory},
	Date-Added = {2017-02-08 17:07:32 +0000},
	Date-Modified = {2017-02-08 17:07:32 +0000},
	Doi = {10.1088/1126-6708/2008/04/005},
	Eprint = {0802.1188},
	Journal = {JHEP},
	Pages = {005},
	Primaryclass = {hep-ph},
	Slaccitation = {%%CITATION = 0802.1188;%%},
	Title = {The Catchment Area of Jets},
	Volume = {04},
	Year = {2008},
	Bdsk-Url-1 = {http://dx.doi.org/10.1088/1126-6708/2008/04/005}}

@article{Cacciari:2011ma,
	Archiveprefix = {arXiv},
	Author = {Cacciari, Matteo and Salam, Gavin P. and Soyez, Gregory},
	Date-Added = {2017-02-08 17:07:32 +0000},
	Date-Modified = {2017-02-08 17:07:32 +0000},
	Doi = {10.1140/epjc/s10052-012-1896-2},
	Eprint = {1111.6097},
	Journal = {{Eur. Phys. J.}},
	Pages = {1896},
	Primaryclass = {hep-ph},
	Reportnumber = {CERN-PH-TH-2011-297},
	Slaccitation = {%%CITATION = ARXIV:1111.6097;%%},
	Title = {{FastJet User Manual}},
	Volume = {C72},
	Year = {2012},
	Bdsk-Url-1 = {http://dx.doi.org/10.1140/epjc/s10052-012-1896-2}}

@techreport{CEPC,
	Author = {{CEPC-SPPC Study Group}},
	Date-Added = {2017-02-08 17:07:32 +0000},
	Date-Modified = {2017-02-08 17:07:32 +0000},
	Reportnumber = {IHEP-CEPC-DR-2015-01, IHEP-TH-2015-01, IHEP-EP-2015-01},
	Slaccitation = {%%CITATION = IHEP-CEPC-DR-2015-01;%%},
	Title = {{CEPC-SPPC Preliminary Conceptual Design Report. 1.: Physics and Detector}},
	Url = {https://inspirehep.net/record/1395734/},
	Year = {2015},
	Bdsk-Url-1 = {https://inspirehep.net/record/1395734/}}

@techreport{CMS_AN_2006-027,
	Author = {Belotelov, I. and Golutvin, I. and Bourilkov, D. and Lanyov, A. and Rogalev, E. and Savina, M. and Shmatov, S.},
	Date-Added = {2017-02-08 17:07:32 +0000},
	Date-Modified = {2017-02-08 17:07:32 +0000},
	Number = {2006/076},
	Title = {Search for {ADD} extra dimensional gravity in di-muon channel with the {CMS} Detector},
	Type = {CMS Note},
	Url = {http://cdsweb.cern.ch/record/962045},
	Year = {2006},
	Bdsk-Url-1 = {http://cdsweb.cern.ch/record/962045}}

@article{CMS_CFT_09_014,
	Archiveprefix = {arXiv},
	Author = {Chatrchyan, Serguei and others},
	Collaboration = {CMS},
	Date-Added = {2017-02-08 17:07:32 +0000},
	Date-Modified = {2017-02-08 17:07:32 +0000},
	Doi = {10.1088/1748-0221/5/03/T03022},
	Eprint = {0911.4994},
	Journal = {JINST},
	Pages = {T03022},
	Primaryclass = {physics.ins-det},
	Slaccitation = {%%CITATION = 0911.4994;%%},
	Title = {{Performance of CMS muon reconstruction in cosmic-ray events}},
	Volume = {5},
	Year = {2010},
	Bdsk-Url-1 = {http://dx.doi.org/10.1088/1748-0221/5/03/T03022}}

@article{cms_muon_paper,
	Archiveprefix = {arXiv},
	Collaboration = {CMS},
	Date-Added = {2017-02-08 17:07:32 +0000},
	Date-Modified = {2017-02-08 17:07:32 +0000},
	Doi = {10.1088/1748-0221/8/11/P11002},
	Eprint = {1306.6905},
	Journal = {JINST},
	Pages = {P11002},
	Title = {The performance of the CMS muon detector in proton-proton collisions at $\sqrt{s} = 7$ TeV at the LHC},
	Url = {http://stacks.iop.org/1748-0221/8/i=11/a=P11002},
	Volume = {8},
	Year = {2013},
	Bdsk-Url-1 = {http://stacks.iop.org/1748-0221/8/i=11/a=P11002},
	Bdsk-Url-2 = {http://dx.doi.org/10.1088/1748-0221/8/11/P11002}}

@techreport{CMS_NOTE_2006-106,
	Author = {Aldaya, M. and Arce, P. and Caballero, J. and de la Cruz, B. and Garcia-Abia, P. and Hernandez, J. M. and Josa, M. I. and Ruiz, E.},
	Date-Added = {2017-02-08 17:07:32 +0000},
	Date-Modified = {2017-02-08 17:07:32 +0000},
	Number = {2006/106},
	Title = {Discovery potential and search strategy for the Standard Model {H}iggs boson in the {$H\to ZZ^\star\to 4\mu$} decay channel using a mass-independent analysis},
	Type = {CMS Note},
	Url = {http://cdsweb.cern.ch/record/962058},
	Year = {2006},
	Bdsk-Url-1 = {http://cdsweb.cern.ch/record/962058}}

@article{cms_paper,
	Author = {Chatrchyan, S. and others},
	Collaboration = {CMS},
	Date-Added = {2017-02-08 17:07:32 +0000},
	Date-Modified = {2017-02-08 17:07:32 +0000},
	Doi = {10.1088/1748-0221/3/08/S08004},
	Journal = {JINST},
	Pages = {S08004},
	Slaccitation = {%%CITATION = JINST,3,S08004;%%},
	Title = {The {CMS} experiment at the {CERN} {LHC}},
	Volume = {3},
	Year = {2008},
	Bdsk-Url-1 = {http://dx.doi.org/10.1088/1748-0221/3/08/S08004}}

@article{cms_tracking_paper,
	Archiveprefix = {arXiv},
	Collaboration = {CMS},
	Date-Added = {2017-02-08 17:07:32 +0000},
	Date-Modified = {2017-02-08 17:07:32 +0000},
	Doi = {10.1088/1748-0221/9/10/P10009},
	Eprint = {1405.6569},
	Journal = {JINST},
	Pages = {P10009},
	Primaryclass = {physics.ins-det},
	Title = {{Description and performance of track and primary-vertex reconstruction with the CMS tracker}},
	Url = {http://stacks.iop.org/1748-0221/9/i=10/a=P10009},
	Volume = {9},
	Year = {2014},
	Bdsk-Url-1 = {http://stacks.iop.org/1748-0221/9/i=10/a=P10009},
	Bdsk-Url-2 = {http://dx.doi.org/10.1088/1748-0221/9/10/P10009}}

@techreport{CMS-PAS-JME-10-003,
	Author = {CMS Collaboration},
	Date-Added = {2017-02-08 17:07:32 +0000},
	Date-Modified = {2017-02-08 17:07:32 +0000},
	Number = {CMS-PAS-JME-10-003},
	Title = {Jet Performance in pp Collisions at $\sqrt{s}$=7 {TeV}},
	Type = {CMS Physics Analysis Summary},
	Url = {http://cdsweb.cern.ch/record/1279362},
	Year = {2010},
	Bdsk-Url-1 = {http://cdsweb.cern.ch/record/1279362}}

@techreport{CMS-PAS-JME-13-005,
	Author = {{CMS Collaboration}},
	Date-Added = {2017-02-08 17:07:32 +0000},
	Date-Modified = {2017-02-08 17:07:32 +0000},
	Number = {CMS-PAS-JME-13-005},
	Title = {Pileup Jet Identification},
	Type = {CMS Physics Analysis Summary},
	Url = {http://cdsweb.cern.ch/record/1581583},
	Year = {2013},
	Bdsk-Url-1 = {http://cdsweb.cern.ch/record/1581583}}

@techreport{CMS-PAS-JME-14-001,
	Author = {{CMS Collaboration}},
	Date-Added = {2017-02-08 17:07:32 +0000},
	Date-Modified = {2017-02-08 17:07:32 +0000},
	Number = {CMS-PAS-JME-14-001},
	Title = {Study of Pileup Removal Algorithms for Jets},
	Type = {CMS Physics Analysis Summary},
	Url = {http://cdsweb.cern.ch/record/1751454},
	Year = {2014},
	Bdsk-Url-1 = {http://cdsweb.cern.ch/record/1751454}}

@techreport{CMS-PAS-PFT-10-004,
	Author = {{CMS Collaboration}},
	Date-Added = {2017-02-08 17:07:32 +0000},
	Date-Modified = {2017-02-08 17:07:32 +0000},
	Number = {CMS-PAS-PFT-10-004},
	Title = {Study of tau reconstruction algorithms using $pp$ collisions data collected at $\sqrt{s}=7$ TeV},
	Type = {CMS Physics Analysis Summary},
	Url = {http://cdsweb.cern.ch/record/1279358},
	Year = {2010},
	Bdsk-Url-1 = {http://cdsweb.cern.ch/record/1279358}}

@techreport{CMS-PAS-TAU-16-002,
	Author = {{CMS Collaboration}},
	Date-Added = {2017-02-08 17:07:32 +0000},
	Date-Modified = {2017-02-08 17:07:32 +0000},
	Number = {CMS-PAS-TAU-16-002},
	Title = {Reconstruction and identification performance of $\tau$ lepton decays to hadrons and $\nu_\tau$ in {LHC Run-2}},
	Type = {CMS Physics Analysis Summary},
	Url = {http://inspirehep.net/record/1474218?ln=en},
	Year = {2016},
	Bdsk-Url-1 = {http://inspirehep.net/record/1474218?ln=en}}

@techreport{CMS-PAS-TRK-10-003,
	Author = {{CMS Collaboration}},
	Date-Added = {2017-02-08 17:07:32 +0000},
	Date-Modified = {2017-02-08 17:07:32 +0000},
	Number = {CMS-PAS-TRK-10-003},
	Title = {Studies of Tracker Material in the {CMS} Detector},
	Type = {CMS Physics Analysis Summary},
	Url = {http://cdsweb.cern.ch/record/1279138},
	Year = {2010},
	Bdsk-Url-1 = {http://cdsweb.cern.ch/record/1279138}}

@book{CMS:1997dma,
	Address = {Geneva},
	Collaboration = {CMS},
	Date-Added = {2017-02-08 17:07:32 +0000},
	Date-Modified = {2017-02-08 17:07:32 +0000},
	Note = {CERN-LHCC-97-32, \url{https://cds.cern.ch/record/343814}},
	Publisher = {CERN},
	Series = {Technical Design Report CMS},
	Slaccitation = {%%CITATION = CERN-LHCC-97-32;%%},
	Title = {{CMS}: The muon project technical design report},
	Year = {1997}}

@book{CMS:1997ema,
	Address = {Geneva},
	Collaboration = {CMS},
	Date-Added = {2017-02-08 17:07:32 +0000},
	Date-Modified = {2017-02-08 17:07:32 +0000},
	Note = {CERN-LHCC-97-033, \url{https://cds.cern.ch/record/349375}},
	Publisher = {CERN},
	Series = {Technical Design Report CMS},
	Title = {The {CMS} electromagnetic calorimeter project: technical design report},
	Url = {https://cds.cern.ch/record/349375},
	Year = {1997},
	Bdsk-Url-1 = {https://cds.cern.ch/record/349375}}

@book{CMS:1997fm,
	Address = {Geneva},
	Collaboration = {CMS},
	Date-Added = {2017-02-08 17:07:32 +0000},
	Date-Modified = {2017-02-08 17:07:32 +0000},
	Note = {CERN-LHCC-97-10, \url{https://cds.cern.ch/record/331056?ln=en}},
	Publisher = {CERN},
	Series = {Technical Design Report CMS},
	Slaccitation = {%%CITATION = CERN-LHCC-97-10;%%},
	Title = {{CMS}, the magnet project: technical design report},
	Year = {1997}}

@book{CMS:1997tfa,
	Address = {Geneva},
	Collaboration = {CMS},
	Date-Added = {2017-02-08 17:07:32 +0000},
	Date-Modified = {2017-02-08 17:07:32 +0000},
	Note = {CERN-LHCC-97-31, \url{https://cds.cern.ch/record/357153?ln=en}},
	Publisher = {CERN},
	Series = {Technical Design Report CMS},
	Slaccitation = {%%CITATION = CERN-LHCC-97-31;%%},
	Title = {{CMS}: The hadron calorimeter technical design report},
	Year = {1997}}

@book{CMS:1998aa,
	Address = {Geneva},
	Collaboration = {CMS},
	Date-Added = {2017-02-08 17:07:32 +0000},
	Date-Modified = {2017-02-08 17:07:32 +0000},
	Note = {CERN-LHCC-98-006, \url{https://cds.cern.ch/record/368412?ln=en}},
	Publisher = {CERN},
	Series = {Technical Design Report CMS},
	Slaccitation = {%%CITATION = CERN-LHCC-98-06;%%},
	Title = {The {CMS} tracker system project: technical design report},
	Year = {1998}}

@book{CMS:2000aa,
	Address = {Geneva},
	Collaboration = {CMS},
	Date-Added = {2017-02-08 17:07:32 +0000},
	Date-Modified = {2017-02-08 17:07:32 +0000},
	Note = {CERN-LHCC-2000-016, \url{https://cds.cern.ch/record/490194}},
	Publisher = {CERN},
	Series = {Technical Design Report CMS},
	Title = {{The CMS tracker: addendum to the Technical Design Report}},
	Url = {https://cds.cern.ch/record/490194},
	Year = {2000},
	Bdsk-Url-1 = {https://cds.cern.ch/record/490194}}

@book{CMS:2002xia,
	Address = {Geneva},
	Collaboration = {CMS},
	Date-Added = {2017-02-08 17:07:32 +0000},
	Date-Modified = {2017-02-08 17:07:32 +0000},
	Note = {CERN-LHCC-2002-027, \url{http://cds.cern.ch/record/581342}},
	Publisher = {CERN},
	Series = {Technical Design Report CMS},
	Slaccitation = {%%CITATION = CERN-LHCC-2002-027;%%},
	Title = {Addendum to the {CMS ECAL} technical design report: changes to the {CMS ECAL} electronics},
	Url = {http://cds.cern.ch/record/581342},
	Year = {2002},
	Bdsk-Url-1 = {http://cds.cern.ch/record/581342}}

@book{CMS:2012sda,
	Address = {Geneva},
	Collaboration = {CMS},
	Date-Added = {2017-02-08 17:07:32 +0000},
	Date-Modified = {2017-02-08 17:07:32 +0000},
	Note = {CERN-LHCC-2012-016, \url{https://cds.cern.ch/record/1481838?ln=en}},
	Publisher = {CERN},
	Series = {Technical Design Report CMS},
	Slaccitation = {%%CITATION = CERN-LHCC-2012-016;%%},
	Title = {{CMS} technical design report for the pixel detector upgrade},
	Year = {2012}}

@book{CMS:2012tda,
	Address = {Geneva},
	Collaboration = {CMS},
	Date-Added = {2017-02-08 17:07:32 +0000},
	Date-Modified = {2017-02-08 17:07:32 +0000},
	Note = {CERN-LHCC-2012-015, \url{https://cds.cern.ch/record/1481837?ln=en}},
	Publisher = {CERN},
	Series = {Technical Design Report CMS},
	Slaccitation = {%%CITATION = CERN-LHCC-2012-015;%%},
	Title = {{CMS} technical design report for the phase 1 upgrade of the hadron calorimeter},
	Year = {2012}}

@book{CMS:2015tda,
	Address = {Geneva},
	Collaboration = {CMS},
	Date-Added = {2017-02-08 17:07:32 +0000},
	Date-Modified = {2017-02-08 17:07:32 +0000},
	Note = {CERN-LHCC-2015-019 \url{https://cds.cern.ch/record/2055167?ln=en}},
	Publisher = {CERN},
	Series = {Technical Design Report CMS},
	Slaccitation = {%%CITATION = CERN-LHCC-2015-019;%%},
	Title = {{CMS Phase II Upgrade Scope Document}},
	Year = {2015}}

@article{CMSTrackerCommissionning,
	Archiveprefix = {arXiv},
	Collaboration = {CMS},
	Date-Added = {2017-02-08 17:07:32 +0000},
	Date-Modified = {2017-02-08 17:07:32 +0000},
	Doi = {10.1140/epjc/s10052-010-1491-3},
	Eprint = {1007.1988},
	Journal = {Eur. Phys. J.},
	Pages = {1165},
	Title = {CMS tracking performance results from early LHC operation},
	Volume = {C70},
	Year = {2010},
	Bdsk-Url-1 = {http://dx.doi.org/10.1140/epjc/s10052-010-1491-3}}

@article{Cossutti:1061281,
	Author = {Cossutti, Fabio and others},
	Collaboration = {CMS},
	Date-Added = {2017-02-08 17:07:32 +0000},
	Date-Modified = {2017-02-08 17:07:32 +0000},
	Journal = {CMS Note},
	Note = {CMS-CR-2007-043, \url{http://cds.cern.ch/record/1061281}},
	Title = {The simulation of the {CMS} electromagnetic calorimeter},
	Url = {http://cds.cern.ch/record/1061281},
	Year = {2007},
	Bdsk-Url-1 = {http://cds.cern.ch/record/1061281}}

@article{EcalCalibration,
	Archiveprefix = {arXiv},
	Collaboration = {CMS},
	Date-Added = {2017-02-08 17:07:32 +0000},
	Date-Modified = {2017-02-08 17:07:32 +0000},
	Doi = {10.1088/1748-0221/8/09/P09009},
	Eid = {P09009},
	Eprint = {1306.2016},
	Journal = {JINST},
	Pages = {P09009},
	Primaryclass = {hep-ex},
	Title = {{Energy calibration and resolution of the CMS electromagnetic calorimeter in pp collisions at $\sqrt{s} = 7$\,TeV}},
	Volume = 8,
	Year = 2013,
	Bdsk-Url-1 = {http://dx.doi.org/10.1088/1748-0221/8/09/P09009}}

@article{Gomez-Ceballos:2013zzn,
	Archiveprefix = {arXiv},
	Author = {Bicer, M. and others},
	Date-Added = {2017-02-08 17:07:32 +0000},
	Date-Modified = {2017-02-08 17:07:32 +0000},
	Doi = {10.1007/JHEP01(2014)164},
	Eprint = {1308.6176},
	Journal = {JHEP},
	Pages = {164},
	Primaryclass = {hep-ex},
	Slaccitation = {%%CITATION = ARXIV:1308.6176;%%},
	Title = {{First Look at the Physics Case of TLEP}},
	Volume = {01},
	Year = {2014},
	Bdsk-Url-1 = {http://dx.doi.org/10.1007/JHEP01(2014)164}}

@article{GSF,
	Archiveprefix = {arXiv},
	Author = {W Adam and R Fr{\"u}hwirth and A Strandlie and T Todorov},
	Date-Added = {2017-02-08 17:07:32 +0000},
	Date-Modified = {2017-02-08 17:07:32 +0000},
	Doi = {10.1088/0954-3899/31/9/N01},
	Eprint = {physics/0306087},
	Journal = {J. Phys.},
	Pages = {N9},
	Title = {Reconstruction of electrons with the {Gaussian-sum} filter in the {CMS} tracker at the {LHC}},
	Volume = {G31},
	Year = {2005},
	Bdsk-Url-1 = {http://dx.doi.org/10.1088/0954-3899/31/9/N01}}

@article{hcal_noise,
	Archiveprefix = {arXiv},
	Collaboration = {CMS},
	Date-Added = {2017-02-08 17:07:32 +0000},
	Date-Modified = {2017-02-08 17:07:32 +0000},
	Doi = {10.1088/1748-0221/5/03/T03014},
	Eprint = {0911.4881},
	Journal = {JINST},
	Pages = {T03014},
	Title = {Identification and filtering of uncharacteristic noise in the CMS hadron calorimeter},
	Url = {http://stacks.iop.org/1748-0221/5/i=03/a=T03014},
	Volume = {5},
	Year = {2010},
	Bdsk-Url-1 = {http://stacks.iop.org/1748-0221/5/i=03/a=T03014},
	Bdsk-Url-2 = {http://dx.doi.org/10.1088/1748-0221/5/03/T03014}}

@article{higgs-cms,
	Archiveprefix = {arXiv},
	Author = {CMS Collaboration},
	Collaboration = {CMS},
	Date-Added = {2017-02-08 17:07:32 +0000},
	Date-Modified = {2017-02-08 17:07:32 +0000},
	Doi = {10.1007/JHEP06(2013)081},
	Eprint = {1303.4571},
	Journal = {JHEP},
	Pages = {081},
	Primaryclass = {hep-ex},
	Reportnumber = {CMS-HIG-12-036, CERN-PH-EP-2013-035},
	Slaccitation = {%%CITATION = ARXIV:1303.4571;%%},
	Title = {{Observation of a new boson with mass near 125 GeV in pp collisions at $\sqrt{s}$ = 7 and 8 TeV}},
	Volume = {06},
	Year = {2013},
	Bdsk-Url-1 = {http://dx.doi.org/10.1007/JHEP06(2013)081}}

@article{JME-13-003-JINST,
	Archiveprefix = {arXiv},
	Collaboration = {CMS},
	Date-Added = {2017-02-08 17:07:32 +0000},
	Date-Modified = {2017-02-08 17:07:32 +0000},
	Doi = {10.1088/1748-0221/10/02/P02006},
	Eprint = {1411.0511},
	Journal = {JINST},
	Pages = {P02006},
	Reportnumber = {CERN-PH-EP-2014-246},
	Title = {{Performance of the CMS missing transverse momentum reconstruction in pp data at $\sqrt{s}=8$ TeV}},
	Volume = {10},
	Year = {2015},
	Bdsk-Url-1 = {http://dx.doi.org/10.1088/1748-0221/10/02/P02006}}

@article{JME-13-004,
	Archiveprefix = {arXiv},
	Author = {CMS Collaboration},
	Collaboration = {CMS},
	Date-Added = {2017-02-08 17:07:32 +0000},
	Date-Modified = {2017-02-08 17:07:32 +0000},
	Eprint = {1607.03663},
	Journal = {Submitted to: JINST},
	Primaryclass = {hep-ex},
	Reportnumber = {CMS-JME-13-004, CERN-PH-EP-2015-305},
	Slaccitation = {%%CITATION = ARXIV:1607.03663;%%},
	Title = {{Jet energy scale and resolution in the CMS experiment in pp collisions at 8 TeV}},
	Year = {2016}}

@unpublished{Khachatryan:2010mp,
	Archiveprefix = {arXiv},
	Collaboration = {CMS},
	Date-Added = {2017-02-08 17:07:32 +0000},
	Date-Modified = {2017-02-08 17:07:32 +0000},
	Eprint = {1012.4031},
	Note = {Submitted to \textit{Phys. Rev. Lett.}},
	Primaryclass = {hep-ex},
	Slaccitation = {%%CITATION = 1012.4031;%%},
	Title = {Search for Pair Production of First-Generation Scalar Leptoquarks in pp Collisions at $\sqrt{s} = 7$ {TeV}},
	Year = {2010}}

@article{Khachatryan:2010xn,
	Archiveprefix = {arXiv},
	Author = {CMS Collaboration},
	Collaboration = {CMS},
	Date-Added = {2017-02-08 17:07:32 +0000},
	Date-Modified = {2017-02-08 17:07:32 +0000},
	Doi = {10.1007/JHEP01(2011)080},
	Eprint = {1012.2466},
	Journal = {JHEP},
	Pages = {080},
	Primaryclass = {hep-ex},
	Reportnumber = {CERN-PH-EP-2010-050, CMS-EWK-10-002},
	Slaccitation = {%%CITATION = ARXIV:1012.2466;%%},
	Title = {{Measurements of Inclusive $W$ and $Z$ Cross Sections in $pp$ Collisions at $\sqrt{s}=7$ TeV}},
	Volume = {01},
	Year = {2011},
	Bdsk-Url-1 = {http://dx.doi.org/10.1007/JHEP01(2011)080}}

@article{Khachatryan:2015hwa,
	Archiveprefix = {arXiv},
	Author = {CMS Collaboration},
	Collaboration = {CMS},
	Date-Added = {2017-02-08 17:07:32 +0000},
	Date-Modified = {2017-02-08 17:07:32 +0000},
	Doi = {10.1088/1748-0221/10/06/P06005},
	Eprint = {1502.02701},
	Journal = {JINST},
	Pages = {P06005},
	Primaryclass = {physics.ins-det},
	Reportnumber = {CMS-EGM-13-001, CERN-PH-EP-2015-004},
	Slaccitation = {%%CITATION = ARXIV:1502.02701;%%},
	Title = {{Performance of Electron Reconstruction and Selection with the CMS Detector in Proton-Proton Collisions at $\sqrt{s} =$ 8 TeV}},
	Volume = {10},
	Year = {2015},
	Bdsk-Url-1 = {http://dx.doi.org/10.1088/1748-0221/10/06/P06005}}

@article{Khachatryan:2015iwa,
	Archiveprefix = {arXiv},
	Author = {CMS Collaboration},
	Collaboration = {CMS},
	Date-Added = {2017-02-08 17:07:32 +0000},
	Date-Modified = {2017-02-08 17:07:32 +0000},
	Doi = {10.1088/1748-0221/10/08/P08010},
	Eprint = {1502.02702},
	Journal = {JINST},
	Pages = {P08010},
	Primaryclass = {physics.ins-det},
	Reportnumber = {CMS-EGM-14-001, CERN-PH-EP-2015-006},
	Slaccitation = {%%CITATION = ARXIV:1502.02702;%%},
	Title = {{Performance of photon reconstruction and identification with the CMS detector in proton-proton collisions at sqrt(s) = 8 TeV}},
	Volume = {10},
	Year = {2015},
	Bdsk-Url-1 = {http://dx.doi.org/10.1088/1748-0221/10/08/P08010}}

@article{Khachatryan:2015pea,
	Archiveprefix = {arXiv},
	Author = {CMS Collaboration},
	Collaboration = {CMS},
	Date-Added = {2017-02-08 17:07:32 +0000},
	Date-Modified = {2017-02-08 17:07:32 +0000},
	Doi = {10.1140/epjc/s10052-016-3988-x},
	Eprint = {1512.00815},
	Journal = {Eur. Phys. J.},
	Pages = {155},
	Primaryclass = {hep-ex},
	Reportnumber = {CMS-GEN-14-001, CERN-PH-EP-2015-291},
	Slaccitation = {%%CITATION = ARXIV:1512.00815;%%},
	Title = {{Event generator tunes obtained from underlying event and multiparton scattering measurements}},
	Volume = {C76},
	Year = {2016},
	Bdsk-Url-1 = {http://dx.doi.org/10.1140/epjc/s10052-016-3988-x}}

@unpublished{LEPewkfits,
	Archiveprefix = {arXiv},
	Author = {{ALEPH, CDF, D0, DELPHI, L3, OPAL, SLD Collaborations, the LEP Electroweak Working Group, the Tevatron Electroweak Working Group, and the SLD Electroweak and Heavy Flavour Groups}},
	Date-Added = {2017-02-08 17:07:32 +0000},
	Date-Modified = {2017-02-08 17:07:32 +0000},
	Eprint = {1012.2367},
	Primaryclass = {hep-ex},
	Slaccitation = {%%CITATION = 1012.2367;%%},
	Title = {Precision electroweak measurements and constraints on the {Standard Model}},
	Url = {http://lepewwg.web.cern.ch/LEPEWWG},
	Year = {2010},
	Bdsk-Url-1 = {http://lepewwg.web.cern.ch/LEPEWWG}}

@article{MUO-10-004,
	Archiveprefix = {arXiv},
	Collaboration = {CMS},
	Date-Added = {2017-02-08 17:07:32 +0000},
	Date-Modified = {2017-02-08 17:07:32 +0000},
	Doi = {10.1088/1748-0221/7/10/P10002},
	Eprint = {1206.4071},
	Journal = {JINST},
	Pages = {P10002},
	Title = {Performance of CMS muon reconstruction in pp collision events at $\sqrt{s} = 7\,\TeV$},
	Volume = {7},
	Year = {2012},
	Bdsk-Url-1 = {http://dx.doi.org/10.1088/1748-0221/7/10/P10002}}

@article{Nguyen:2011fg,
	Archiveprefix = {arXiv},
	Author = {Nguyen, Matthew},
	Date-Added = {2017-02-08 17:07:32 +0000},
	Date-Modified = {2017-02-08 17:07:32 +0000},
	Doi = {10.1088/0954-3899/38/12/124151},
	Eprint = {1107.0179},
	Journal = {J.Phys.},
	Pages = {124151},
	Primaryclass = {nucl-ex},
	Slaccitation = {%%CITATION = ARXIV:1107.0179;%%},
	Title = {{Jet Reconstruction with Particle Flow in Heavy-Ion Collisions with CMS}},
	Volume = {G38},
	Year = {2011},
	Bdsk-Url-1 = {http://dx.doi.org/10.1088/0954-3899/38/12/124151}}

@article{PDG,
	Author = {{Particle Data Group}},
	Date-Added = {2017-02-08 17:07:32 +0000},
	Date-Modified = {2017-02-08 17:07:32 +0000},
	Doi = {10.1088/1674-1137/40/10/100001},
	Journal = {Chin. Phys.},
	Pages = {100001},
	Slaccitation = {%%CITATION = CHPHD,C40,100001;%%},
	Title = {{Review of Particle Physics}},
	Volume = {C40},
	Year = {2016},
	Bdsk-Url-1 = {http://dx.doi.org/10.1088/1674-1137/40/10/100001}}

@article{PhysRevD.89.092007,
	Archiveprefix = {arXiv},
	Author = {CMS Collaboration},
	Collaboration = {CMS},
	Date-Added = {2017-02-08 17:07:32 +0000},
	Date-Modified = {2017-02-08 17:07:32 +0000},
	Doi = {10.1103/PhysRevD.89.092007},
	Eprint = {1312.5353},
	Issue = {9},
	Journal = {Phys. Rev.},
	Numpages = {45},
	Pages = {092007},
	Publisher = {American Physical Society},
	Title = {Measurement of the properties of a {Higgs} boson in the four-lepton final state},
	Url = {http://link.aps.org/doi/10.1103/PhysRevD.89.092007},
	Volume = {D89},
	Year = {2014},
	Bdsk-Url-1 = {http://link.aps.org/doi/10.1103/PhysRevD.89.092007},
	Bdsk-Url-2 = {http://dx.doi.org/10.1103/PhysRevD.89.092007}}

@article{PTDR2,
	Collaboration = {CMS},
	Date-Added = {2017-02-08 17:07:32 +0000},
	Date-Modified = {2017-02-08 17:07:32 +0000},
	Doi = {10.1088/0954-3899/34/6/S01},
	Journal = {J. Phys. G},
	Pages = {995},
	Slaccitation = {%%CITATION = JPHGB,G34,995;%%},
	Title = {{CMS} technical design report, volume {II}: {Physics} performance},
	Volume = {34},
	Year = {2007},
	Bdsk-Url-1 = {http://dx.doi.org/10.1088/0954-3899/34/6/S01}}

@article{PYTHIA_tuneZ2,
	Archiveprefix = {arXiv},
	Author = {CMS Collaboration},
	Collaboration = {CMS},
	Date-Added = {2017-02-08 17:07:32 +0000},
	Date-Modified = {2017-02-08 17:07:32 +0000},
	Doi = {10.1007/JHEP01(2011)079},
	Eprint = {1011.5531},
	Journal = {JHEP},
	Pages = {079},
	Primaryclass = {hep-ex},
	Reportnumber = {CERN-PH-EP-2010-048, CMS-QCD-10-004},
	Slaccitation = {%%CITATION = ARXIV:1011.5531;%%},
	Title = {{Charged particle multiplicities in $pp$ interactions at $\sqrt{s}=0.9$, 2.36, and 7 TeV}},
	Volume = {01},
	Year = {2011},
	Bdsk-Url-1 = {http://dx.doi.org/10.1007/JHEP01(2011)079}}

@article{pythia6,
	Archiveprefix = {arXiv},
	Author = {Sj{\"o}strand, Torbj{\"o}rn and Mrenna, Stephen and Skands, Peter},
	Date-Added = {2017-02-08 17:07:32 +0000},
	Date-Modified = {2017-02-08 17:07:32 +0000},
	Doi = {10.1088/1126-6708/2006/05/026},
	Eprint = {hep-ph/0603175},
	Journal = {JHEP},
	Pages = {026},
	Primaryclass = {hep-ph},
	Reportnumber = {FERMILAB-PUB-06-052-CD-T, LU-TP-06-13},
	Slaccitation = {%%CITATION = HEP-PH/0603175;%%},
	Title = {{PYTHIA} 6.4 physics and manual},
	Volume = {05},
	Year = {2006},
	Bdsk-Url-1 = {http://dx.doi.org/10.1088/1126-6708/2006/05/026}}

@article{pythia8p2,
	Archiveprefix = {arXiv},
	Author = {Sj{\"o}strand, Torbj{\"o}rn and Ask, Stefan and Christiansen, Jesper R. and Corke, Richard and Desai, Nishita and Ilten, Philip and Mrenna, Stephen and Prestel, Stefan and Rasmussen, Christine O. and Skands, Peter Z.},
	Date-Added = {2017-02-08 17:07:32 +0000},
	Date-Modified = {2017-02-08 17:07:32 +0000},
	Doi = {10.1016/j.cpc.2015.01.024},
	Eprint = {1410.3012},
	Journal = {Comput. Phys. Commun.},
	Pages = {159},
	Primaryclass = {hep-ph},
	Reportnumber = {LU-TP-14-36, MCNET-14-22, CERN-PH-TH-2014-190, FERMILAB-PUB-14-316-CD, DESY-14-178, SLAC-PUB-16122},
	Slaccitation = {%%CITATION = ARXIV:1410.3012;%%},
	Title = {{An Introduction to PYTHIA 8.2}},
	Volume = {191},
	Year = {2015},
	Bdsk-Url-1 = {http://dx.doi.org/10.1016/j.cpc.2015.01.024}}

@inproceedings{RooStats,
	Author = {Moneta, L. and Belasco, K. and Cranmer, K. S. and Lazzaro, A. and Piparo, D. and Schott, G. and Verkerke, W. and Wolf, M.},
	Booktitle = {13$^\text{th}$ International Workshop on Advanced Computing and Analysis Techniques in Physics Research (ACAT2010)},
	Date-Added = {2017-02-08 17:07:32 +0000},
	Date-Modified = {2017-02-08 17:07:32 +0000},
	Eprint = {1009.1003},
	Note = {{PoS(ACAT2010)057}},
	Primaryclass = {physics.data-an},
	Publisher = {SISSA},
	Title = {The {R}oo{S}tats {P}roject},
	Url = {http://pos.sissa.it/archive/conferences/093/057/ACAT2010_057.pdf},
	Year = {2010},
	Bdsk-Url-1 = {http://pos.sissa.it/archive/conferences/093/057/ACAT2010_057.pdf}}

@inproceedings{Ruan:2014paa,
	Archiveprefix = {arXiv},
	Author = {Ruan, Manqi and Videau, Henri},
	Booktitle = {{Proceedings, International Conference on Calorimetry for the High Energy Frontier (CHEF 2013)}},
	Date-Added = {2017-02-08 17:07:32 +0000},
	Date-Modified = {2017-02-08 17:07:32 +0000},
	Eprint = {1403.4784},
	Pages = {316},
	Primaryclass = {physics.ins-det},
	Slaccitation = {%%CITATION = ARXIV:1403.4784;%%},
	Title = {{Arbor, a new approach of the Particle Flow Algorithm}},
	Url = {https://inspirehep.net/record/1286443/files/arXiv:1403.4784.pdf},
	Year = {2013},
	Bdsk-Url-1 = {https://inspirehep.net/record/1286443/files/arXiv:1403.4784.pdf}}

@article{TAU-11-001,
	Archiveprefix = {arXiv},
	Collaboration = {CMS},
	Date-Added = {2017-02-08 17:07:32 +0000},
	Date-Modified = {2017-02-08 17:07:32 +0000},
	Doi = {10.1088/1748-0221/7/01/P01001},
	Eprint = {1109.6034},
	Journal = {JINST},
	Pages = {P01001},
	Primaryclass = {physics.ins-det},
	Slaccitation = {%%CITATION = ARXIV:1109.6034;%%},
	Title = {{Performance of tau-lepton reconstruction and identification in CMS}},
	Volume = {7},
	Year = {2012},
	Bdsk-Url-1 = {http://dx.doi.org/10.1088/1748-0221/7/01/P01001}}

@article{TAU-14-001,
	Archiveprefix = {arXiv},
	Collaboration = {CMS},
	Date-Added = {2017-02-08 17:07:32 +0000},
	Date-Modified = {2017-02-08 17:07:32 +0000},
	Doi = {10.1088/1748-0221/11/01/P01019},
	Eprint = {1510.07488},
	Journal = {JINST},
	Pages = {P01019},
	Primaryclass = {physics.ins-det},
	Reportnumber = {CMS-TAU-14-001, CERN-PH-EP-2015-261},
	Slaccitation = {%%CITATION = ARXIV:1510.07488;%%},
	Title = {{Reconstruction and identification of $\Pgt$ lepton decays to hadrons and $\nu_{\Pgt}$ at CMS}},
	Volume = {11},
	Year = {2016},
	Bdsk-Url-1 = {http://dx.doi.org/10.1088/1748-0221/11/01/P01019}}

@article{Thomson:2009rp,
	Archiveprefix = {arXiv},
	Author = {Thomson, M.A.},
	Date-Added = {2017-02-08 17:07:32 +0000},
	Date-Modified = {2017-02-08 17:07:32 +0000},
	Doi = {10.1016/j.nima.2009.09.009},
	Eprint = {0907.3577},
	Journal = {Nucl. Instrum. Meth.},
	Pages = {25},
	Primaryclass = {physics.ins-det},
	Reportnumber = {CU-HEP-09-11},
	Slaccitation = {%%CITATION = ARXIV:0907.3577;%%},
	Title = {{Particle Flow Calorimetry and the PandoraPFA Algorithm}},
	Volume = {A611},
	Year = {2009},
	Bdsk-Url-1 = {http://dx.doi.org/10.1016/j.nima.2009.09.009}}
